3017 5225
715 390 792 460 ise

168 592 205 635 ne
221 576 313 637 dicam
327 574 406 649 quod
419 572 457 635 ed
471 574 640 649 religionem
653 574 839 635 christianam
853 574 966 649 attinet,
988 573 1058 634 mihi
1071 590 1131 635 non
1145 574 1245 649 ignoto
1258 581 1335 635 sunt.

168 681 290 753 Insuper
303 686 336 741 nt
350 680 471 739 dominis
484 678 773 754 Hennebergensibns
788 680 911 753 nuntiet,
937 671 967 739 ‘si
981 696 1039 754 que
1053 680 1160 754 possim
1174 680 1245 754 ipsis
1260 697 1335 753 prae·

167 791 245 846 stare
260 792 353 861 grato,
369 800 486 845 menon
501 784 622 845 insitum
635 781 786 845 neuram.
821 784 928 854 Verum
941 784 1005 843 haec
1018 790 1149 858 tempora
1164 789 1195 844 et
1207 802 1336 861 presen-

167 895 212 951 tes
233 890 334 951 domus
354 904 389 949 so
406 890 534 965 regionis
552 904 624 949 mete
649 892 741 949 statos
760 904 819 948 non
846 889 1028 962 permittunt,
1044 894 1085 977 ⁴ut
1104 888 1189 949 facile
1206 906 1262 965 pro
1283 907 1337 950 sue

167 996 344 1071 principibus
365 994 451 1070 digno
470 994 625 1068 prudentia
649 992 755 1055 domini
775 994 832 1053 mei
845 993 1030 1055 considerare
1043 999 1175 1069 possent;
1192 1011 1260 1068 quse
1274 1011 1336 1055 om·

167 1102 218 1160 nia
233 1101 274 1159 sic
289 1116 351 1175 esse
366 1099 509 1174 principes
523 1098 781 1172 Hennebergcnses
802 1098 923 1172 posthac
942 1099 1029 1158 latins
1043 1104 1074 1158 et
1086 1099 1202 1173 optimis
1215 1100 1336 1160 notioni-

167 1204 220 1265 brs
236 1205 350 1267 edoceri
366 1210 396 1265 et
410 1206 548 1267 certiores
562 1201 627 1263 fieri
640 1207 769 1277 possunt.
807 1202 892 1261 Omni
905 1203 1008 1278 igitur,
1025 1218 1221 1277 perpessum,
1244 1205 1342 1263 amicav

131 1297 133 1301 ’
166 1308 360 1371 obtestatione
377 1314 407 1369 et
421 1312 509 1369 enimi
523 1302 712 1369 submissione
725 1322 838 1382 precor,
853 1313 887 1368 nt
901 1307 1009 1367 domini
1023 1308 1060 1368 ab
1074 1308 1249 1383 Henneberg
1261 1307 1337 1367 hanc

166 1430 260 1475 meam
275 1415 486 1475 excusationem
507 1432 565 1475 non
588 1431 646 1489 pro,
664 1410 761 1472 efficta
780 1416 810 1471 et
828 1426 905 1472 veno
929 1412 1135 1474 detrectatione
1148 1418 1208 1473 tam
1222 1413 1337 1473 honesti

167 1522 287 1595 negocii,
303 1522 355 1581 sed
368 1536 422 1593 pro
437 1520 599 1579 necessaria
621 1523 659 1580 et·
672 1516 831 1577 inevitabili
852 1517 1013 1592 benigniter
1030 1523 1061 1579 et
1074 1519 1165 1579 amice
1179 1518 1343 1592 scsepiant

168 1628 198 1682 et
211 1624 289 1697 opud
303 1625 524 1686 illustrissimum
544 1625 685 1685 ioannem
707 1621 890 1682 tridentum
909 1621 1010 1683 dacem
1029 1624 1162 1683 Saxonioe
1184 1625 1337 1683 electorem

167 1732 265 1787 notum
281 1734 335 1790 etc.
360 1744 444 1803 qnam
458 1730 614 1790 humillime
629 1727 828 1804 deprecentur.
852 1728 884 1788 Si
899 1744 958 1803 qua
969 1728 1043 1789 alias
1057 1730 1128 1803 ipsis
1138 1727 1259 1789 dominis
1273 1732 1337 1785 tan-

168 1848 254 1906 quam
269 1834 345 1907 pstn·
364 1840 395 1895 ct
417 1832 497 1895 affini
517 1836 587 1895 meis
609 1833 797 1895 observandis
815 1838 845 1893 et
863 1834 1051 1893 amicissimis.
1062 1834 1202 1893 inservire
1222 1847 1336 1906 queem,

168 1954 252 2013 spero
275 1939 353 2013 qnod
375 1940 499 1999 animam
521 1954 614 1999 meum
632 1955 669 1998 ex
689 1934 767 1998 iacto
786 1938 928 1998 noverint
965 1938 1013 1997 Ad
1034 1956 1155 2013 qnorum
1169 1936 1265 1997 officia
1279 1952 1339 1996 una

168 2058 231 2103 cum
246 2060 336 2105 uxore
355 2044 502 2105 et-liberis
522 2060 567 2103 me
587 2048 684 2104 totmn.
700 2040 789 2102 onero
809 2048 839 2102 et
860 2058 924 2101 cum
944 2043 1029 2106 modo
1045 2043 1133 2104 ‘aliud
1146 2059 1205 2102 non
1218 2044 1335 2117 possim,

168 2147 273 2208 corebo
288 2154 321 2208 ut
335 2150 365 2209 in
379 2150 484 2212 nostris
500 2149 626 2210 ecclesiis
642 2164 796 2223 suppresso
810 2152 908 2207 temen
932 2150 1060 2224 nomine,
1083 2166 1137 2223 pro
1151 2148 1272 2208 Alberto
1287 2163 1335 2207 eo-

167 2268 231 2310 rum
245 2254 350 2329 amico,
372 2254 590 2315 clementissimo
610 2250 739 2328 principe
753 2268 818 2313 meo
833 2258 945 2327 oretur,
968 2257 1002 2311 ut
1016 2249 1146 2313 (ihr-istas
1160 2254 1253 2329 ipsum
1265 2268 1336 2311 sere

167 2356 198 2415 in
212 2358 257 2417 sui
271 2360 447 2433 agnitionem
468 2360 590 2420 educere
610 2346 758 2432 dignator,
783 2354 901 2431 insuper
914 2372 1036 2434 rogans,
1061 2375 1099 2418 ne
1114 2358 1222 2418 domini
1236 2356 1335 2415 existi·

167 2465 255 2535 ment,
270 2461 359 2522 filiam
374 2469 404 2524 et
418 2456 688 2536 sororemipsorum
701 2462 843 2521 illustrem
857 2440 1000 2523 dominam
1015 2460 1201 2523 catharinam
1214 2461 1335 2523 obch·

166 2564 276 2642 noberg
291 2566 463 2628 comitissam
481 2567 512 2626 in
528 2567 745 2642 Schwortcburg
759 2572 814 2627 etc.
833 2566 963 2643 viduam,
988 2560 1185 2632 charinimcm
1209 2562 1338 2632 noscam

167 2685 280 2732 socom
294 2673 364 2733 nihii
379 2671 418 2733 ob
432 2689 530 2733 eornm
545 2674 653 2749 scripte
667 2673 745 2750 apud
759 2683 806 2732 ms
819 2673 972 2748 institisse,
993 2689 1058 2750 quse
1073 2676 1178 2750 omnia,
1199 2676 1231 2736 in
1245 2690 1335 2748 quon·

167 2771 233 2836 tnm‘
242 2782 389 2842 maternus
404 2793 484 2838 omos
499 2781 648 2855 permittit,
665 2780 808 2852 prostitit

257 2882 395 2957 Suscepto
408 2885 498 2959 igitur
513 2885 697 2944 excusatione
715 2888 816 2944 nostra
829 2883 1038 2945 illustrissimus
1058 2887 1193 2960 princeps
1207 2885 1337 2945 Joannes

167 2985 330 3048 Fiidericas
360 2986 417 3046 dun
444 2988 577 3048 Senoniae
605 2989 712 3048 elector
733 2992 788 3048 etc.
823 2989 956 3063 proxima
976 2990 1137 3064 septimana
1157 2995 1224 3063 post
1246 2989 1336 3049 domi·

168 3091 262 3149 nicam
284 3089 400 3152 Laetere
424 3090 510 3165 hujus
541 3093 625 3160 1553
651 3094 720 3152 enni
738 3093 933 3152 venerandum
956 3094 1050 3153 rmum
1076 3094 1222 3156 dominum
1247 3095 1338 3154 Joan·
1456 3090 1465 3105 '

168 3211 234 3255 nem
254 3195 404 3258 Brentium
423 3195 533 3257 aWila
551 3195 631 3256 verbi
648 3195 736 3256 divini
751 3212 912 3271 pmconem
925 3201 957 3258 in
977 3197 1054 3258 Halo
1075 3199 1246 3274 Sacrorum,
1264 3201 1337 3259 'item

167 3301 337 3390 magistrum
356 3303 499 3362 Joannem
514 3299 654 3362 Stotziam
676 3301 908 3363 concionatorem
930 3319 1011 3362 snum
1032 3304 1156 3363 snlicom
1169 3310 1199 3363 et
1213 3303 1339 3388 nobilem

167 3391 346 3468 Fridericum
366 3424 385 3467 a
403 3403 613 3481 Wangenheim
632 3407 699 3466 hnic
717 3408 869 3482 legationi,
895 3414 928 3468 nt
946 3411 1008 3494 soti
1026 3413 1086 3470 mm
1108 3410 1202 3468 sancti
1221 3425 1339 3482 compos

168 3511 348 3586 redderetur,
363 3511 508 3586 piissimus
521 3513 656 3587 princeps
670 3500 801 3588 prefecit
814 3520 844 3574 et
857 3514 1010 3588 ablegavit.
