3017 5225
746 417 810 488 178

108 660 112 669 ,
183 609 214 668 in
229 607 374 668 Christum
388 604 547 664 finxerunt:
573 586 694 663 Sednxit
713 603 850 677 populum
876 602 981 662 docens
1006 601 1165 662 adaliloea
1186 617 1276 675 usqne
1291 601 1356 661 huo.

182 714 256 773 Item
269 715 458 770 commentum
474 711 510 768 de
525 709 719 768 destructione
733 708 834 780 templi
849 713 878 767 et
896 708 961 766 alia
973 695 1358 785 innumeramendaciorum

183 823 214 878 ιι
227 818 377 876 murinum
392 821 446 874 ete.
487 812 560 875 Item
575 818 608 872 ιιι
622 813 724 872 eadem
737 819 806 872 ante
822 811 966 872 Christum
981 793 1130 885 prdphctis
1145 806 1275 886 patribus
1292 827 1357 870 eve-

182 921 288 980 nerint.
315 919 454 979 xAdduxit
468 933 582 992 quoque
597 919 690 976 locum
705 917 877 977 Tertulliani
891 917 1041 988 martyris,
1063 933 1122 990 quo
1136 914 1275 988 refertur,
1293 918 1356 988 qui·

182 1027 237 1088 tus
251 1025 384 1086 muriciis
398 1024 546 1082 christiani
560 1021 726 1095 agentibus
741 1019 836 1081 allecti
851 1022 908 1080 sint
929 1036 963 1078 ac
978 1037 1062 1093 quam
1080 1017 1220 1096 probrosa
1234 1021 1289 1078 illis
1305 1037 1357 1078 no·

180 1132 261 1193 mina
278 1129 448 1203 indiderint,
475 1128 585 1186 scilicet
603 1141 653 1184 eos
672 1108 809 1186 vocantes
830 1127 978 1198 scelestos,
1007 1127 1199 1196 incestuosos,
1222 1141 1256 1184 eo
1280 1123 1360 1197 quod

183 1237 374 1305 mentirentur
399 1233 583 1305 christianos,
614 1233 664 1305 qui
692 1211 817 1291 interdiu
844 1231 881 1290 ob
900 1237 1101 1303 persecutores
1120 1231 1272 1290 conuenire
1298 1246 1358 1288 non

183 1346 311 1416 possent,-
328 1343 415 1398 noctu
428 1337 468 1396 ad
480 1336 614 1394 lucernas
629 1343 826 1410 congregatos,
848 1336 950 1395 catulis
966 1333 1068 1394 offulas
1082 1335 1219 1409 objicere,
1235 1335 1283 1407 qui
1298 1333 1357 1392 dis·

184 1449 335 1502 currentes
350 1440 524 1502 candelabro
539 1446 569 1499 et
582 1441 690 1500 lumina
705 1441 863 1513 dejicerent
871 1445 900 1498 et
910 1439 1043 1514 lampada
1058 1431 1191 1518 ardentia
1206 1441 1353 1512 extingue·

182 1552 264 1622 rent,
284 1528 314 1606 et
334 1552 396 1605 tum
410 1547 583 1605 christianos
601 1545 839 1604 inoestosooitus
855 1544 964 1602 nullius
975 1545 1175 1616 sanguinitatis
1191 1543 1291 1603 habita
1305 1555 1354 1601 ra-

184 1653 263 1711 tione
278 1656 309 1709 et
322 1656 529 1724 praeposteram
543 1665 679 1722 venerem
692 1649 775 1708 inire.
799 1650 872 1708 Item
887 1647 1083 1723 infanticidas,
1106 1652 1139 1706 ut
1158 1633 1252 1721 quiin
1267 1645 1357 1706 eccle-

183 1755 228 1814 sia
242 1771 295 1814 aaa
309 1754 448 1813 infantem
470 1752 602 1812 occidere
623 1753 752 1814 solerent
765 1759 804 1814 ¹et
818 1753 903 1827 huius
917 1755 1064 1827 sanguinis
1079 1754 1291 1826 aspe1sionese
1307 1768 1355 1810 ex-

184 1861 307 1932 piarent.
330 1860 402 1918 ltem
417 1859 587 1917 sarmaticos
600 1857 639 1916 ob
653 1859 736 1932 palos
752 1859 855 1930 quibus
879 1856 1080 1944 alligabantur.
1119 1859 1192 1918 Item
1207 1858 1358 1915 semisseos

185 1979 204 2022 a
219 1964 346 2023 semisse.
384 1964 457 2021 Item
472 1963 654 2037 desperatos,
680 1965 731 2036 qui
745 1964 832 2022 ιιιιιιι
848 1968 878 2022 ιι
892 1964 987 2022 omnia
1002 1967 1194 2022 contemnant.
1221 1961 1315 2020 -Sicut
1328 1965 1360 2018 et

184 2074 284 2128 nosue
299 2085 361 2128 aero
376 2069 447 2157 nibil
462 2085 521 2127 non
534 2069 742 2140 conviciorum,
758 2068 873 2142 inquit,
895 2069 926 2126 in
947 2084 999 2126 uos
1020 2068 1127 2140 jaaoitur
1141 2070 1179 2124 ¹et
1200 2063 1356 2138 effingitur.

184 2173 225 2235 Et
237 2179 271 2231 nt
284 2173 380 2232 omnia
394 2177 492 2231 cetera
506 2177 691 2245 preteream,
714 2172 812 2232 dicunt
826 2187 878 2231 nos
893 2188 946 2246 pro
969 2172 1139 2245 evangelicis
1155 2187 1207 2229 ror
1222 2171 1355 2240 Evange-

114 2325 125 2336 .
184 2277 273 2336 liselm
286 2276 435 2349 hellisolre,
458 2276 506 2336 die
521 2276 721 2350 evangelisohe
735 2277 844 2349 Lehre,
861 2276 913 2336 'die
933 2251 1069 2336 hellische
1083 2275 1146 2344 lebr
1160 2278 1214 2334 etc.
1253 2273 1358 2332 Odium

185 2396 256 2441 vero
269 2381 325 2459 hoo
339 2385 369 2438 et
382 2381 544 2454 pemecutio
556 2396 593 2438 ao
608 2379 688 2439 uerbi
703 2387 883 2452 contemptus
899 2381 1018 2441 atribus
1032 2379 1093 2438 iore
1108 2379 1253 2438 bominum
1268 2385 1354 2450 gene

185 2484 266 2542 ribus
279 2481 353 2540 liunt
366 2489 396 2541 ιι
410 2487 623 2554 exequuntura
637 2482 757 2558 Judaeis,
774 2485 894 2552 ethnicis
906 2491 936 2544 et
950 2483 1231 2558 pseudochristianis.
1252 2480 1313 2539 Sed
1327 2479 1358 2538 id

186 2587 224 2649 ab
238 2586 312 2659 aliis,
327 2587 392 2647 aliis
407 2587 552 2649 decausis
569 2603 604 2647 ac
615 2589 680 2649 aliis
691 2589 784 2649 modis
799 2587 842 2647 fit.
865 2589 961 2649 ludaei
972 2591 1046 2649 onim
1055 2589 1198 2648 Christum
1214 2584 1358 2661 persecuti

187 2698 266 2765 aunt,
291 2708 351 2751 non
365 2673 443 2765 quod
457 2692 487 2751 hi
502 2693 593 2753 videri
607 2694 697 2754 uelint
711 2695 760 2767 qni
777 2694 920 2753 Christum
940 2694 1097 2769 dominum,
1120 2710 1205 2766 quem
1220 2679 1268 2751 illi'
1277 2692 1356 2749 Mes-

187 2798 259 2857 sium
272 2800 385 2870 vocam,
401 2804 654 2871 persequerentur.
692 2798 787 2859 Erant
802 2800 891 2873 enim,
907 2804 940 2857 ut
954 2800 1008 2858 sibi
1023 2799 1093 2871 ipsis
1108 2797 1290 2868 ridebantur,
1306 2812 1358 2869 po-

187 2902 271 2975 pulus
286 2901 404 2973 domini,
419 2900 455 2959 de
469 2901 645 2973 qnoDavid:
660 2902 754 2962 Notus
770 2912 814 2963 est
828 2904 860 2962 in
874 2902 977 2961 Judaea
992 2903 1071 2961 Deus
1086 2906 1116 2961 et
1129 2901 1262 2960 inIsrael
1275 2916 1356 2972 mag-

190 3020 259 3061 num
273 3019 380 3061 numen
394 3005 466 3077 ejas.
505 3006 641 3065 Sciebant
661 3007 738 3065 enirn
751 3011 889 3080 tanquam
903 3007 949 3079 hi,
966 3008 1016 3080 qui
1029 3006 1173 3065 habebant
1188 3006 1358 3079 scripturas,

188 3107 267 3180 quod
286 3106 411 3166 christus
425 3107 533 3169 domini
545 3109 602 3169 illis
617 3111 773 3183 promissus
788 3116 864 3185 erat,
887 3128 971 3184 quom
994 3115 1023 3170 et
1038 3101 1191 3185 expectare
1207 3126 1238 3167 se
1254 3108 1358 3183 gloria-

187 3212 302 3271 bantur.
339 3210 423 3273 Adde
443 3214 520 3287 qnod
543 3215 620 3274 solos
640 3232 673 3274 se
686 3216 780 3275 rideri
793 3214 941 3289 volebant,
958 3217 1007 3289 qui
1022 3231 1127 3273 nomen
1141 3213 1248 3273 domini
1262 3213 1359 3286 magni

186 3315 325 3392 tacerent,
342 3333 396 3377 nec
410 3319 630 3392 praetendebant
650 3320 727 3393 qnod
742 3319 886 3379 Christum
902 3336 938 3379 eo
953 3318 1115 3387 interficere
1130 3320 1225 3377 animo
1239 3317 1296 3377 illis
1311 3333 1356 3375 se-

188 3421 280 3494 deret,
295 3422 374 3495 qnod
387 3425 528 3496 magistra
540 3425 668 3483 *veritate
687 3440 785 3483 eornm
801 3425 887 3483 ritem
902 3426 1075 3498 mrriperet,
1098 3424 1150 3483 sod
1166 3424 1233 3506 quia
1251 3420 1288 3497 (si
1303 3420 1358 3479 diis

188 3525 296 3600 placet)
316 3541 348 3585 se
361 3525 498 3607 ebrinum
513 3527 621 3586 domini
634 3529 816 3602 mentiretur,
844 3530 945 3610 oaeseri
958 3508 1088 3588 homines
1103 3529 1299 3601 immorigeros
1313 3524 1357 3583 fa-

188 3645 254 3696 cere
267 3634 422 3687 conaretur
436 3634 467 3687 et
480 3630 616 3702 quicquid
629 3630 660 3715 id
675 3635 732 3705 cat,
755 3648 794 3691 ex
806 3648 866 3705 quo
879 3632 938 3692 odii
952 3633 996 3691 sui
1018 3634 1165 3705 perizonia
1180 3630 1357 3711 querebant.

188 3734 315 3793 Maxime
334 3738 431 3791 autem
453 3732 531 3805 quod
554 3732 713 3793 doctrinam
737 3736 940 3819 traditionibus
960 3743 989 3796 et
1008 3736 1151 3802 communi
1164 3717 1358 3809 'osm'repug-
1410 3724 1417 3730 ”

189 3842 304 3896 nantem
317 3836 444 3895 doceret.
474 3837 538 3911 llic
553 3828 667 3910 quoque
681 3840 813 3899 nonnihil
828 3840 864 3901 da
878 3842 1052 3901 Asianorum
1066 3842 1135 3899 olim
1149 3842 1180 3900 in
1193 3856 1263 3925 rore
1278 3839 1360 3898 Chri·

189 3940 296 3997 etiarms
310 3943 523 4019 persecutione,
545 3943 595 4015 qui
614 3947 644 4001 ιι
662 3945 718 4016 ipsi
731 3946 792 4003 alio
804 3951 950 4019 praetextu
966 3937 1112 4021 prosecuti
1126 3945 1252 4019 fuerant,
1268 3944 1358 4002 diss'e·

188 4045 248 4103 ruit
261 4039 354 4119 (Lege
368 4045 540 4121 Eusebium,
557 4048 777 4108 eeclesiasticam
792 4051 941 4111 historiam
955 4052 1146 4125 tripartitam,
1162 4052 1231 4109 item
1246 4051 1356 4110 Hilari·

128 4189 130 4192 ψ
177 4164 236 4210 Ιιιιιι
252 4148 289 4207 de
303 4152 502 4223 persecutione
515 4149 646 4226 Africae).
684 4154 802 4223 Ethnioi
814 4171 882 4215 uero
896 4156 943 4215 ¹vel
957 4158 1083 4230 gentiles
1094 4149 1356 4227 Christianos-sup·

188 4253 282 4325 pliciis
296 4252 466 4329 afficiebant,
490 4256 567 4325 nibil
576 4265 721 4334 morantes
735 4275 858 4324 verusne
872 4278 910 4323 an
925 4261 1157 4336 pseudochristus
1174 4266 1361 4338 esset,·quem

147 4425 150 4428 ¹
188 4357 321 4430 apostoli
333 4360 545 4440 annunciabant
557 4361 595 4419 ἰι
613 4363 703 4421 ceteri
724 4363 830 4423 Christi
850 4364 951 4425 fideles
960 4362 1193 4424 confitebantur.
1229 4364 1268 4423 lli
1283 4363 1361 4421 enim

189 4476 242 4521 11⁶⁰
253 4462 343 4533 libros
355 4462 440 4547 lflssih
461 4479 514 4523 ¹¹0⁰
528 4466 686 4538 scripturas
697 4484 799 4564 sacras
818 4474 869 4529 aut
882 4470 1039 4546 prophetas
1053 4470 1206 4539 ueritatem
1219 4469 1359 4528 mannei-
