3017 5225
761 432 807 498 24

193 630 292 689 causa,
307 614 410 689 inquit,
426 614 457 673 in
470 613 656 689 imperatoria
667 614 818 689 maiestate
830 611 886 675 sita
899 621 951 677 ιιι.
984 612 1067 687 Quod
1079 612 1118 675 ad
1126 614 1280 678 electorem
1290 634 1371 696 vero,

195 710 220 781 'si
234 737 282 781 res
296 720 338 780 ita
352 724 409 793 est,
432 726 465 781 ιι
481 719 516 779 de
534 720 580 778 his
594 720 734 780 intervos
749 724 905 796 tractetur,
929 722 997 781 date
1012 737 1129 795 operam
1145 728 1179 783 ut
1193 721 1371 785 Coloniensis

168 814 171 818 ⁵
193 826 275 887 vohis
289 827 396 887 amicus
415 824 564 886 reddatur.
603 823 709 885 Postea
724 827 748 885 si
765 825 834 899 quid
853 826 893 887 ad
911 826 1122 887 exeusationem
1140 828 1228 887 vestri
1247 829 1369 907 hahetis,

168 947 171 953 “
193 930 312 996 mnoilio
326 930 469 1006 imperiali
482 928 591 992 οιιιιιι.
629 930 687 991 Ubi
701 946 788 991 causa
807 931 846 991 ad
864 948 917 991 nos
940 932 1076 992 devoluta
1094 928 1198 1009 brerit,
1222 950 1277 1009 ego
1292 936 1369 997 dabo

194 1050 327 1111 operam,
338 1040 370 1097 nt
384 1035 422 1095 ad
435 1038 637 1109 imperatorem
653 1034 809 1110 deferatur,
826 1042 855 1095 et
866 1038 891 1095 si
905 1036 1054 1111 quidboni
1068 1037 1122 1097 hao
1134 1040 1167 1097 in
1181 1046 1368 1112 repraestare

195 1158 306 1217 queam,
323 1143 466 1217 experiar.
497 1141 570 1199 Tum
585 1140 734 1201 Liberius:
749 1142 998 1202 Reverendissime
1012 1143 1128 1219 praesul,
1144 1144 1262 1203 comites
1276 1147 1369 1205 ιιοιιιι

194 1264 253 1308 non
268 1253 335 1307 sunt
349 1262 449 1307 earum
463 1244 639 1321 facultatum,
656 1252 688 1306 ut
701 1248 749 1306 hic
762 1247 862 1323 longas
877 1264 972 1308 moras
986 1254 1103 1309 nectere
1117 1256 1234 1323 queant.
1273 1252 1370 1326 Quare

194 1359 301 1431 petunt
310 1352 550 1413 reverendissima
561 1351 599 1411 D.
611 1352 646 1411 V.
663 1352 740 1426 apud
754 1369 907 1413 caesaream
918 1356 1099 1429 majestatem
1112 1358 1258 1432 negotium
1275 1364 1369 1419 matu·

194 1476 262 1521 rare
276 1460 419 1535 dignetur.
457 1458 505 1517 Ad
518 1458 580 1517 haeo
594 1456 807 1534 Atrebatensis,
827 1460 909 1532 quasi
923 1459 1146 1537 subiracundus,
1161 1480 1220 1522 non
1235 1464 1370 1539 arbitror,

194 1567 297 1641 inquit,
309 1565 461 1640 'generosos
477 1564 592 1623 comites
607 1564 758 1624 rebellioni
773 1565 979 1625 contumaciam
990 1565 1147 1641 adjungere
1156 1568 1241 1643 ιιιιι,
1256 1574 1289 1629 ιι
1303 1576 1371 1631 ante

195 1678 365 1747 responsum
379 1671 536 1731 insalutato
550 1668 664 1729 Caesare
680 1670 795 1730 abeant.
819 1671 911 1745 Igitur
925 1670 1060 1732 Liberius
1075 1672 1242 1746 petitionem
1256 1675 1371 1733 iteravit

194 1781 224 1837 et
245 1775 445 1837 Atrebatensis
467 1792 502 1835 ex
523 1776 647 1851 hospitio
674 1776 770 1835 exivit.
816 1776 999 1840 Waldeoiani
1020 1769 1182 1853 hospitium
1196 1777 1370 1839 marchionis

195 1882 328 1941 electoris
350 1880 462 1957 adiere,
491 1883 516 1941 ιι
533 1880 608 1941 forte
628 1883 782 1942 electorem
801 1882 967 1956 alloquendi
987 1884 1070 1943 nobis
1089 1884 1171 1956 copia
1189 1881 1290 1960 fieret,
1319 1884 1371 1945 sed

194 1988 289 2049 nullm
305 1990 463 2049 aulicorum
482 2002 636 2064 procerum
650 1989 765 2063 aderat,
787 1988 838 2073 qui
851 1993 981 2049 ιοιιιιιι
994 1988 1178 2063 praesentiam
1192 1991 1310 2051 electori
1324 1992 1369 2050 in·

195 2092 293 2154 dicare
307 2099 414 2169 posset.
435 2175 438 2181 Ι
469 2107 472 2111 ·

221 2244 225 2248 .
285 2198 385 2261 domes
405 2198 568 2274 aNassau,
593 2200 670 2273 quod
683 2200 771 2279 variis
786 2201 909 2276 negotiis
927 2194 1169 2275 occupatissimus
1181 2204 1272 2274 esset,
1295 2198 1370 2259 adiri

194 2310 385 2381 nonpoterat.
409 2284 710 2389 Reperimusindomo
718 2303 917 2368 Atrebatensis
929 2307 1075 2367 doctorem
1083 2305 1247 2379 Philippum
1255 2302 1368 2365 selden.

284 2409 473 2470 Wendelinus
487 2408 629 2469 et'Florus
639 2409 821 2471 archiducem
829 2412 1056 2471 Maximilianum
1065 2411 1245 2471 dominorum
1256 2410 1370 2470 nomine

196 2530 281 2577 orare
295 2515 439 2591 volebant,
455 2521 488 2576 ut
497 2516 576 2591 apud
587 2530 686 2590 regem
698 2520 811 2591 patrem
822 2518 915 2575 nostri
926 2516 1080 2577 clementer
1093 2517 1255 2576 meminisse
1267 2515 1368 2590 ‹ligna-
1442 2576 1447 2581 .

195 2626 291 2697 retur,
307 2637 406 2681 verum
420 2622 445 2681 ιι
460 2621 492 2680 ιι
505 2622 567 2684 loco
583 2623 695 2682 concilii
710 2639 769 2683 non
783 2622 895 2683 aderat.
921 2675 924 2677 Α

284 2727 395 2788 Eadem
413 2743 487 2787 unus
507 2731 537 2788 et
556 2729 631 2788 alter
652 2729 757 2787 civium
774 2727 913 2803 Augusta
931 2745 985 2806 per
998 2729 1156 2789 Henrioum
1171 2729 1312 2791 Stracken
1334 2725 1388 2790 de'

195 2836 253 2895 situ
274 2834 379 2894 montis
400 2833 538 2908 Isenberg
560 2838 591 2893 et
612 2834 729 2894 mineris
752 2835 817 2894 auri
838 2829 916 2894 circa
938 2833 1127 2895 Gorbachium
1155 2834 1370 2910 diligentissime

195 2940 332 3001 sciscitati
353 2943 433 3013 sunt,
453 2939 553 2999 'conati
573 2939 718 3000 nobiscum
733 2940 942 3000 conditionibus
961 2945 1065 3016 agere,
1089 2957 1189 3000 rerum
1210 2941 1279 3016 quia
1299 2940 1371 3003 mihi
1406 2924 1417 2942 ⁸

195 3049 339 3122 prasente
353 3059 422 3103 ursa
437 3045 547 3105 catulos
562 3045 713 3110 ostendere
732 3042 827 3106 minus
844 3047 1004 3107 consultum
1017 3046 1183 3122 ridebatur,
1205 3047 1283 3107 bona
1299 3047 1369 3107 dans

195 3147 285 3211 rerba
300 3165 349 3210 eos
364 3155 429 3224 post
447 3150 559 3210 menses
574 3150 698 3226 aliquot,
723 3153 748 3213 si
764 3151 833 3225 quid
848 3153 987 3235 ejusmodi
1008 3159 1158 3228 cuperent,
1181 3155 1212 3212 iu
1232 3151 1370 3213 comitatu

195 3260 295 3316 nostro
311 3264 442 3329 quaerere
461 3271 514 3315 nos
526 3254 704 3330 jubebamus.

186 3413 194 3426 ,
246 3355 471 3432 Sebastianus
485 3361 559 3426 Mali
573 3364 736 3437 quingentis
751 3353 847 3424 aureis
861 3381 880 3423 a
894 3311 1079 3427 Ferdinando
1092 3317 1163 3440 rege
1179 3364 1301 3424 donatus
1316 3371 1368 3426 est.

195 3465 292 3526 Probe
306 3472 336 3526 et
349 3467 395 3526 his
410 3469 495 3526 notus
516 3473 579 3528 erat
595 3468 676 3531 Hans
691 3469 784 3529 Krall.
822 3471 898 3529 Nam
914 3469 947 3528 hi
966 3475 1035 3530 ante
1054 3486 1146 3560 annos
1164 3470 1277 3544 aliquot
1290 3472 1369 3547 apud

183 3587 248 3656 *nos
264 3574 295 3632 ιι
309 3588 376 3632 aree
390 3577 490 3632 nostra
505 3573 645 3648 Isenberg
659 3560 752 3634 erant

285 3675 409 3752 Eadem,
430 3677 497 3737 dum
512 3694 530 3736 a
545 3693 628 3738 coena
641 3685 767 3753 partem
776 3642 855 3741 urbis
878 3695 942 3738 cnm
961 3679 1107 3740 sodalibus
1121 3681 1193 3740 meis
1207 3678 1368 3757 obambulo,

196 3781 272 3843 forte
292 3781 422 3856 ιιιιιιιι
442 3799 472 3842 ιι
487 3785 569 3844 nobis
584 3785 653 3844 ιιιιι
674 3784 791 3858 quidam
812 3783 1000 3861 grandevus,
1024 3787 1082 3845 cui
1092 3787 1230 3861 magister
1253 3787 1370 3862 vigilum

196 3889 291 3976 ιιιιιι
313 3893 405 3962 porta
427 3888 654 3975 commendarat,
626 3894 742 3950 teum
764 3905 821 3964 quo
842 3891 924 3950 varia
946 3890 982 3951 de
1000 3870 1080 3954 urbis
1098 3893 1236 3966 Augusta
1258 3894 1368 3968 politia,

196 3971 401 4054 munitionibus
416 3999 469 4054 etc
492 3971 671 4068 contulimus
709 3994 736 4055 Α
752 4013 809 4070 quo
829 4012 893 4056 cum
912 3998 996 4057 inter
1007 3995 1193 4058 fabulandum
1211 3997 1248 4058 de
1263 3998 1370 4074 duplici

197 4114 279 4159 muro
294 4099 324 4158 in
324 4104 551 4174 t,errogaremus
572 4101 646 4162 hanc
660 4103 721 4175 eius
740 4104 785 4162 rei
797 4104 938 4162 rationem
952 4103 1057 4164 reddit
1094 4104 1255 4178 Augustam
1269 4100 1369 4164 urbem

197 4217 261 4264 esse
276 4205 433 4280 antiquam,
450 4221 514 4280 quae
525 4205 601 4266 inter
614 4209 716 4282 exigna
727 4208 821 4282 spatia
833 4210 893 4268 suis
907 4210 1062 4291 moeniis‘et
1072 4210 1165 4284 portis
1175 4212 1269 4270 cincta
1283 4215 1368 4285 esset,

196 4316 230 4371 ut
242 4311 358 4386 ipsimet
367 4311 537 4386 videremus,
553 4317 582 4372 ιι
596 4312 672 4373 hanc
686 4315 754 4373 olim
769 4313 900 4374 coenobio
912 4314 948 4373 D.
959 4314 1050 4374 Ulrici
1065 4314 1205 4375 dominico
1218 4316 1326 4389 templo
1340 4321 1370 4375 et

198 4417 261 4478 aliis
277 4417 475 4488 ecclesiasticis
496 4418 690 4479 mansionibus
711 4425 887 4493 occupatam.
925 4418 966 4478 Ut
980 4418 1129 4495 episeopus
1148 4422 1205 4481 loci
1226 4437 1310 4481 omne
1320 4422 1369 4495 jus

176 4565 181 4572 -
199 4522 253 4584 sibi
266 4524 297 4586 in
312 4540 375 4585 cam
389 4540 529 4601 usurpare
544 4530 662 4586 conatus
677 4530 707 4586 ct
720 4507 844 4587 ιιιιιιιιι
856 4524 1009 4586 claudendi
1022 4532 1131 4604 portas,
1145 4528 1195 4589 ubi
1210 4533 1241 4588 et
1254 4527 1370 4603 quando
