3017 5225
762 470 807 535 82

203 650 296 708 nostri
311 655 340 709 et
355 649 437 710 nobis
451 651 483 708 in
497 650 609 711 bonum.
649 650 768 709 Manum
787 650 877 724 igitur·
899 653 991 726 patris
1006 652 1152 726 patienter
1166 657 1196 711 et
1209 651 1378 711 obedienter

203 751 337 814 ieramus.
362 756 480 815 Interim
495 755 551 816 boo
563 754 673 814 addens
688 757 857 828 exemplum.
884 754 1094 818 Paterfamilias
1109 756 1135 814 si
1149 757 1295 815 surculum
1309 755 1377 815 mali

202 859 313 920 arboris
327 861 420 935 stipiti
434 861 535 919 inserit
549 865 579 920 et
592 860 647 918 boe
661 861 816 934 virgultum
832 859 862 919 in
877 860 1060 920 arbusculam
1081 860 1185 920 evadat
1200 867 1229 920 et
1243 877 1332 920 unum
1347 864 1377 918 et

202 965 324 1025 alterum
345 968 491 1042 pomulam
512 970 583 1028 bero
603 984 655 1027 suo
675 967 832 1042 producat,
858 971 1026 1040 pergratum
1044 966 1161 1038 quidem
1180 971 1224 1026 est
1238 966 1320 1025 bero.
1346 965 1376 1024 Si

200 1076 297 1131 autem
310 1072 428 1132 tandem
448 1073 479 1132 in
497 1073 582 1145 juste
604 1073 786 1145 proceritatis
808 1071 940 1130 arborem
951 1069 952 1074 ’
964 1076 1156 1130 exarescatet
1169 1075 1229 1130 tum
1245 1087 1306 1130 non
1321 1071 1376 1128 nisi

201 1192 290 1236 unum
303 1184 355 1237 aut
369 1178 492 1236 alterum
505 1195 619 1253 pomum
635 1177 828 1253 patrifamiliae
843 1175 956 1249 tulerit,
981 1175 1097 1236 andem
1112 1176 1307 1238 subirascebar
1322 1190 1374 1249 pa·

201 1279 370 1342 terfamilim
388 1287 419 1340 et
437 1283 569 1342 arborem
591 1281 665 1342 hane
685 1282 832 1342 sueeidere
853 1279 974 1353 jubebit.
1015 1281 1063 1340 Sio
1083 1297 1197 1355 quoque
1218 1286 1263 1340 est
1283 1282 1375 1354 patris

201 1385 327 1446 eoelestis
342 1402 414 1460 erga
428 1403 481 1446 nos
496 1388 621 1461 animus,
635 1381 669 1445 'si
691 1402 805 1460 semper
827 1387 932 1445 erimus
953 1386 1095 1446 discentes
1115 1393 1145 1446 et
1167 1401 1313 1460 uunquam
1337 1383 1376 1444 ad

201 1487 314 1565 iugem
327 1491 481 1564 pervenire
496 1507 640 1565 conemur,
657 1508 716 1552 non
731 1490 859 1564 quotidie
873 1491 956 1550 nobis
971 1491 1040 1564 ipsis
1057 1492 1189 1551 meliores
1199 1490 1375 1552 evaserimus

202 1610 236 1654 ao
250 1596 280 1653 in
294 1595 352 1653 vite
366 1595 418 1654 illa
432 1594 548 1658 Oba-isto
568 1597 672 1655 uberes
694 1594 805 1654 fiuetns
819 1592 953 1654 feramus.
992 1595 1050 1654 Sed
1065 1594 1127 1654 baee
1142 1595 1245 1669 omnia,
1269 1596 1374 1668 inquit,

203 1699 352 1759 dictasint
367 1699 403 1759 de
418 1699 581 1760 christianis
596 1706 627 1760 et
641 1701 691 1774 qui
707 1700 822 1760 Christo
842 1700 957 1759 nomina
972 1715 1024 1759 sua
1040 1699 1190 1773 dederunt,
1207 1701 1249 1758 illi
1264 1696 1375 1759 semire

170 1833 179 1846 ·
202 1819 240 1862 ex
253 1804 350 1864 animo
364 1806 521 1879 cupientes.
544 1806 621 1866 Nam
635 1806 762 1879 reliquos
777 1804 918 1878 palmites,
937 1805 986 1879 qui
1001 1809 1104 1878 sponte
1119 1797 1303 1880 degenerant,
1320 1819 1373 1879 pa-

201 1915 247 1969 ter
261 1909 420 1982 amputabit
439 1917 469 1970 et
483 1911 617 1971 eofleotos
632 1912 693 1986 igni
707 1913 825 1985 injicere
836 1909 957 1984 jubebit.
979 1908 1062 1968 Dixit
1076 1916 1106 1969 et
1120 1907 1178 1970 alia
1191 1909 1283 1969 multa
1297 1911 1372 1984 prte-

201 2013 282 2074 olars
295 2015 326 2074 in
340 2016 415 2075 bane
428 2009 610 2076 senteutiam.
643 2017 729 2078 Faxit
742 2015 822 2076 Deus
836 2018 869 2073 ut
883 2017 970 2074 simus
984 2014 1116 2090 palmites
1130 2012 1206 2090 fidoi,
1223 2021 1374 2091 portantes

202 2119 302 2180 botros
316 2121 347 2179 iu
361 2121 413 2179 viti
427 2138 505 2182 uera.
530 2122 630 2181 Amen.

289 2225 353 2285 Hae
368 2225 413 2303 die
428 2226 613 2286 Franciseum
635 2227 769 2284 nuncium
783 2243 884 2286 rursus
900 2226 1089 2288 Gorbaobium
1110 2227 1207 2285 multis
1222 2226 1373 2286 literarum

200 2319 342 2393 testeus
358 2336 509 2391 oneratum
528 2332 696 2390 remisimus.
734 2330 904 2390 Remisimus
919 2338 949 2392 et
962 2332 1074 2392 doctori
1092 2331 1186 2391 Maier
1200 2329 1290 2392 libros
1304 2347 1374 2391 suos

201 2453 255 2510 per
267 2436 456 2499 Melebiorem
471 2436 615 2494 Lindiam.

291 2540 367 2600 Ante
382 2540 530 2601 meridiem
546 2538 650 2599 fratres
666 2541 847 2600 sollicitatum
863 2540 958 2617 ibant,
982 2543 1034 2606 sed
1047 2542 1247 2603 Atrebatensis
1262 2548 1377 2617 patrem

201 2647 322 2709 adierat.
353 2647 380 2707 Δ
394 2646 517 2720 prandio
531 2662 600 2708 vero
614 2663 668 2722 per
682 2647 887 2708 cubicularium
909 2648 971 2720 ejus
990 2648 1046 2707 boe
1059 2648 1190 2722 responsi
1204 2648 1375 2723 aotepimu's,

201 2752 265 2812 heri
279 2768 298 2812 a
312 2754 399 2811 mium
414 2752 523 2811 Caesari
545 2752 583 2811 da
596 2752 651 2812 hae
665 2770 697 2812 re
713 2769 745 2812 se
760 2753 890 2812 nonnihil
906 2752 1026 2824 dixisse,
1051 2753 1103 2813 sed
1125 2755 1329 2828 imperatorem
1343 2767 1376 2811 se

202 2856 328 2918 nondum
344 2858 505 2917 resolvisse.
528 2858 584 2916 Hie
599 2862 663 2917 erat
676 2858 761 2931 buius
777 2846 834 2917 diei
849 2862 938 2942 aetus.¹

243 2973 249 2979 “
290 2962 440 3021 Inuisimus
466 2960 612 3021 doctorem
639 2961 776 3022 Carolum
796 2968 826 3021 et
843 2963 1031 3036 perexiguum
1051 2968 1115 3022 erat
1135 2964 1196 3036 ejus
1215 2963 1374 3036 eonsilium,

202 3066 258 3126 uisi
272 3064 350 3139 quod
363 3066 531 3140 patientiam
548 3052 646 3127 suasit.
662 3067 749 3127 Venit
758 3066 938 3127 amanuensis
947 3067 995 3125 ille
1006 3072 1036 3126 et
1045 3067 1108 3125 beri
1123 3073 1153 3125 et
1167 3066 1252 3127 hodie
1266 3069 1377 3143 scripta

202 3170 345 3232 adferens.
377 3168 520 3245 Talierne,
544 3173 599 3244 ait,
619 3168 786 3255 fluxlvenio.
825 3171 872 3233 Sia
888 3161 1080 3246 germanicum
1103 3172 1210 3234 idioma
1223 3172 1377 3233 addiscunt

201 3275 287 3338 Iberi.
350 3348 357 3357 ἱ
1129 3355 1131 3364 ³

290 3382 413 3443 Domine
428 3383 523 3457 Deus,
546 3400 695 3459 quousque
710 3386 757 3443 ira
771 3390 821 3443 tua
837 3382 993 3445 desaeviet?
1016 3385 1062 3442 En
1077 3383 1197 3458 pertulit
1217 3381 1375 3443 Germania

202 3492 326 3562 pestem,
347 3487 451 3550 famem
474 3490 556 3563 panis
578 3494 608 3547 et
622 3489 748 3564 gladium
769 3489 893 3547 hostium
913 3495 1078 3548 exterorum
1093 3495 1124 3547 et
1136 3488 1272 3548 intestina
1288 3484 1373 3560 bella,

202 3608 255 3654 nec
269 3597 365 3655 amen
380 3591 446 3653 finis
461 3601 514 3653 est.
537 3594 668 3653 Minatur
682 3593 793 3667 ereptio
808 3593 888 3652 verbi
902 3595 955 3653 tui.
991 3592 1103 3653 Caetera
1125 3594 1222 3653 omnia
1232 3594 1311 3666 iuste
1326 3606 1374 3651 ve·

202 3703 308 3759 nerunt
321 3714 408 3774 super
422 3715 475 3758 nos
494 3703 614 3773 propter
633 3698 742 3757 seelera
756 3703 865 3757 nostra.
908 3697 933 3756 0
949 3698 1070 3772 domine,
1087 3702 1117 3757 et
1130 3697 1185 3756 boo
1198 3704 1374 3772 postrenum

203 3786 316 3877 quoque
330 3802 422 3876 probe
435 3820 587 3863 meremur.
619 3802 727 3860 Verum
741 3801 1005 3863 misericordissime
1021 3802 1101 3879 deus,
1124 3809 1157 3863 ut
1172 3819 1224 3863 noa
1239 3802 1375 3876 indignos

201 3913 367 3985 peccatores
382 3906 511 3966 conlusio
525 3906 610 3970 faciei
625 3912 655 3983 et
675 3908 771 3965 omnia
785 3907 861 3965 mala
875 3905 992 3982 decent,
1013 3910 1056 3968 ita
1069 3906 1204 3968 thronum
1218 3906 1373 3968 tuumior-

200 4013 304 4088 titudo,
328 4010 541 4086 magnificentia
556 4016 586 4069 et
599 4010 797 4071 misericordia
812 4013 902 4072 decet.
939 4013 1098 4087 Propterea
1121 4030 1157 4073 ex
1171 4015 1228 4072 imo
1242 4016 1272 4071 te
1287 4026 1373 4086 roga·

201 4132 265 4177 mus
279 4124 406 4192 postne,
422 4115 505 4175 aufer
520 4132 538 4174 a
552 4116 634 4175 nobis
649 4117 755 4177 malum
769 4117 824 4177 hoe
839 4123 868 4177 et
882 4134 918 4176 ne
933 4117 984 4180 des
1003 4118 1079 4177 fame
1094 4119 1176 4179 uerbi
1193 4120 1246 4190 tui,
1270 4118 1300 4176 in
1316 4132 1374 4190 quo

202 4222 417 4295 edomuimus,
438 4235 490 4279 nos
515 4223 638 4281 enecari.
677 4222 722 4281 Ne
740 4224 878 4298 respicias
898 4229 1027 4283 nuaram
1049 4240 1119 4298 erga
1132 4216 1212 4284 mam
1226 4218 1374 4297 pietatem,

202 4341 221 4386 o
238 4326 318 4400 deus,
334 4327 579 4402 ingratitudinem,
596 4328 647 4388 sed
661 4327 939 4391 misericordissime
955 4329 1080 4400 antiquae
1095 4328 1251 4389 recordare
1264 4328 1375 4400 nosque

203 4430 310 4491 diutius
324 4431 411 4491 verbo
431 4438 481 4491 tuo
496 4449 614 4507 pascere
630 4433 768 4507 dignun.
798 4434 883 4493 Mitto
898 4439 990 4507 pater,
1013 4433 1093 4491 mitte
1109 4434 1257 4507 operarios
1272 4430 1374 4491 ddeles
1465 4492 1472 4511 x

202 4536 234 4595 in
247 4552 369 4597 messem
381 4544 461 4598 tuam
479 4542 509 4597 et
523 4554 662 4601 conserua
677 4543 707 4599 at
720 4536 851 4599 eoniorta
871 4554 934 4614 eos,
956 4553 1028 4611 quos
1049 4524 1155 4599 dedisti
1176 4539 1267 4614 nobis,
1291 4550 1328 4597 no
1342 4536 1374 4596 in
1445 4596 1448 4601 .
