3017 5225
691 420 741 485 aa
780 432 785 437 ’

130 615 187 675 per
201 598 413 681 omuesmodos
428 601 465 657 in
474 596 587 659 Ohfisto
602 600 641 660 ad
656 600 777 679 salntem
790 595 896 678 vocat,
907 602 959 676 sed
977 601 1189 679 inobedientiae,
1209 607 1302 665 incra·

132 706 248 765 duliteti
268 711 299 764 et
317 706 517 779 ingratitudini
535 690 644 766 nostrae
664 707 723 771 hoo,
739 711 887 780 acceptum
906 705 1045 781 feramus,
1074 715 1104 767 et
1122 726 1303 785 summopere

130 826 291 883 caveamus,
314 826 351 893 ne
369 810 394 869 si
414 808 489 869 forte
508 810 639 881 dominus
659 827 712 885 par
731 792 942 885 suggestionem
963 814 1081 886 spiritua
1100 816 1191 873 saneti
1205 833 1303 877 aurem

132 916 216 975 nobis
231 914 353 987 vellicet,
368 930 406 973 ne
420 908 474 975 hoo
489 920 540 975 aut
553 915 626 975 illud
640 917 785 990 piaculum
799 918 1047 990 committeremus,
1065 919 1108 981 illi
1121 924 1223 979 contre
1237 938 1304 981 con·

131 1020 281 1079 amentiam
296 1025 424 1079 rosham
438 1022 615 1080 resistamus.
646 1020 691 1080 De
706 1022 818 1095 spiritu,
838 1023 979 1097 inquiens,
1001 1023 1085 1082 bono·
1092 1025 1208 1098 loquor,
1220 1042 1303 1099 quem
1324 1068 1337 1093 ,-

131 1122 263 1183 dominns
285 1138 316 1181 se
339 1124 419 1183 snisd
441 1129 555 1184 uturum
575 1126 721 1201 promisit,
745 1143 803 1185 non
826 1126 863 1185 de
885 1133 1053 1202 suggestore
1071 1129 1121 1187 illo
1140 1130 1231 1205 malo,
1255 1132 1304 1203 qui

132 1230 251 1302 spiritus
271 1228 410 1287 mendacii
432 1234 476 1288 est
496 1236 526 1289 et
544 1230 634 1288 omnis
654 1232 791 1303 nequitiae
811 1247 846 1289 ac
865 1233 1064 1305 perversitatis
1083 1232 1197 1299 author.
1231 1235 1303 1310 Item

131 1333 226 1391 Deum
240 1350 307 1395 suos
328 1332 472 1393 interdum
491 1333 545 1393 sub
565 1349 677 1399 crucem
697 1320 821 1410 mittere,
844 1336 899 1395 hoc
918 1341 972 1410 est,
997 1339 1067 1411 ipsis
1080 1340 1236 1412 tristitiam,
1259 1338 1303 1398 ai·

131 1436 289 1517 dictiones,
310 1436 712 1513 assasonthamar
733 1440 764 1499 id
787 1456 875 1514 genus
897 1443 1002 1516 rerum,
1025 1459 1062 1501 ne
1085 1458 1152 1502 saro
1173 1440 1303 1517 ferociat,

132 1542 185 1601 sed
199 1544 309 1616 virgam
324 1535 474 1617 paternam
492 1543 580 1629 homo
596 1550 742 1618 agnoscat.
776 1541 932 1627 'Postremo
950 1547 1044 1606 Deum
1062 1547 1149 1616 uobis,
1165 1548 1245 1607 verbi
1260 1552 1304 1610 sni

136 1662 286 1722 precones
308 1647 430 1721 dedisse,
454 1650 504 1720 qui
523 1649 629 1722 passim
649 1650 757 1723 populo
776 1652 975 1723 peonitentiam
996 1654 1109 1712 etrite
1128 1652 1303 1719 emendatio·

133 1764 210 1812 nem
220 1752 370 1825 inculcent,
394 1754 511 1825 quossi
534 1752 633 1812 audire
654 1757 847 1827 renuerimus,
870 1756 999 1816 naamani
1019 1758 1222 1832 pervicaciam,
1246 1776 1304 1820 uon

133 1856 411 1930 Dei-benignitatem
424 1872 504 1917 ream
518 1856 574 1915 dici
590 1856 704 1918 debere.
734 1858 842 1931 Aiebat
854 1865 885 1919 et
899 1861 954 1919 hoc
968 1866 1069 1921 nostro
1083 1879 1146 1922 evo
1159 1880 1218 1923 uon
1232 1880 1303 1937 pan-

134 1962 177 2021 eis
190 1961 286 2021 studio
301 1977 364 2021 esse
377 1954 577 2037 largitiom'bus
592 1969 622 2022 et
640 1962 796 2023 mendaciis
814 1964 965 2023 veritatem
986 1966 1109 2025 obruere
1127 1973 1158 2025 et
1176 1984 1240 2028 eam
1253 1984 1303 2026 ex-

134 2068 242 2151 cidere,
266 2046 366 2127 verum
379 2064 557 2127 hustraueoa
571 2068 602 2127 in
617 2067 671 2126 hoe
686 2078 749 2125 esse
768 2068 921 2147 impiorum
940 2071 1068 2128 conatus.
1098 2064 1174 2129 Nam
1193 2073 1303 2146 scribas,

136 2156 239 2246 inquit,
264 2177 293 2231 et
307 2172 447 2232 Pharisaei
460 2188 530 2243 cunr,
545 2174 603 2231 suis
619 2172 779 2247 semoribus
796 2170 982 2245 iamdudum
996 2189 1066 2231 cum
1087 2174 1256 2248 corporibus
1276 2182 1307 2235 ιι

135 2277 285 2343 animabus
299 2268 359 2336 suis
372 2279 404 2336 in
417 2276 585 2337 barathrum
598 2267 704 2337 inierni
718 2277 848 2352 absorpti
861 2285 938 2338 sunt.
967 2280 1082 2337 Veritas
1101 2284 1197 2338 autam
1210 2280 1305 2339 adbuc

135 2386 240 2460 regnat
262 2387 292 2440 et
314 2380 443 2441 Christus
470 2398 534 2441 cum
562 2381 688 2455 gloriosa
715 2398 769 2449 sua
794 2384 1005 2442 resurreetione
1025 2383 1193 2457 triumphat
1231 2386 1306 2443 Huic

135 2484 263 2545 fidamus
277 2492 314 2549 ιι
326 2478 397 2545 illi
388 2504 419 2545 ιιι
434 2486 564 2547 omnibus
579 2487 788 2559 adhereamus,
790 2470 997 2566 impartiente
1009 2488 1064 2547 hcc
1077 2488 1161 2550 uobis
1176 2489 1239 2549 Deo
1253 2506 1304 2565 pa·

135 2596 181 2650 tre
201 2606 254 2665 per
273 2590 395 2651 eundem
409 2592 555 2652 dominum
569 2597 708 2653 rosham
719 2592 819 2652 Jesum
838 2590 990 2652 Ohnstum
1002 2598 1032 2652 ιι
1050 2594 1229 2685 illuminante
1246 2570 1311 2668 spi·¹

135 2697 196 2755 ritu
210 2713 263 2754 suo
277 2696 362 2757 bono.
392 2695 494 2756 Amen.
565 2767 569 2770 ,
763 2737 767 2742 -

205 2801 336 2888 Eadem
356 2802 385 2861 d.
397 2801 532 2863 Masculo
547 2802 637 2862 libros
651 2801 757 2861 Bucari
776 2801 812 2859 de
831 2800 1007 2875 disputatis'
999 2819 1030 2860 ιιι
1050 2802 1205 2888 colloquio
1201 2801 1304 2861 Ratis·

136 2909 258 2968 bonensi
273 2912 303 2966 ιι
322 2912 423 2996 contra
441 2907 656 2968 vintoniensem
674 2923 727 2982 per
748 2904 883 2977 carolum
901 2907 1023 2982 hospitis
1041 2908 1134 2972 nostri
1151 2905 1240 2967 hlium
1260 2924 1305 2968 re·

135 3011 273 3072 misirdm
417 3052 419 3058 .

225 3117 318 3190 Nota,
343 3115 480 3191 Augustae
501 3117 620 3190 singulis
639 3116 740 3177 diebm
759 3116 815 3176 sub
833 3133 939 3178 nonam
959 3116 1062 3179 horam
1081 3061 1307 3207 ιιιιιιιιιιιιιιιιιι

136 3239 277 3297 campana
294 3222 408 3296 signum
429 3222 523 3296 datur,
530 3223 631 3299 quod
645 3220 678 3282 fit
693 3222 731 3281 od
744 3220 938 3281 refricandum
952 3227 1066 3295 tempus
1076 3221 1224 3280 memoriae
1238 3235 1305 3297 pro·

137 3328 261 3388 ditionis
271 3325 377 3387 Christi
396 3342 449 3400 per
468 3327 574 3387 Judam
593 3321 691 3400 iacta,
714 3307 812 3400 quod
815 3327 869 3384 hoe
888 3323 949 3384 iere
969 3325 1022 3384 sub
1041 3325 1072 3383 id
1093 3326 1150 3384 diei
1169 3329 1307 3400 temporis

132 3431 283 3504 ,acciderit

173 3539 306 3598 ·Nota
320 3539 357 3598 de
372 3538 535 3633 epitomata
539 3486 706 3611 Bulliugeri,
731 3539 792 3598 sive
805 3535 927 3597 historia
946 3481 1145 3610 expositionis
1152 3552 1250 3596 rerum
1271 3537 1308 3596 ab

137 3643 249 3718 orighre
262 3643 361 3702 mundi
375 3659 466 3716 usque
478 3643 525 3702 ad
538 3644 717 3703 nativitatem
732 3641 848 3715 Christi,
870 3642 1051 3715 potissimum
1069 3658 1106 3701 ex
1124 3653 1207 3701 nevo
1219 3646 1307 3716 testa·

136 3753 235 3808 mento
250 3753 305 3806 ιιι.
321 3763 359 3806 ιιι
372 3749 403 3816 iu
418 3748 553 3808 nundinis
568 3743 823 3808 lhancofurdianis
838 3748 999 3822 comparari
1013 3752 1121 3822 posset.

227 3853 355 3922 ioannes
371 3858 401 3912 et
414 3853 565 3928 Philippus
578 3851 684 3912 iratres
700 3851 1000 3926 dominuvaoauncm
1017 3852 1173 3910 Henricum
1192 3852 1307 3915 intem·

136 3961 187 4035 plo
207 3957 383 4019 dlllauritii
402 3957 464 4016 haec
479 3958 566 4018 verba
580 3957 665 4017 Pauli
684 3955 723 4020 ad
736 3957 882 4028 Romanos
900 3961 950 4017 12.
970 3958 1173 4031 explanantem
1190 3956 1308 4015 ιιιιιι-

136 4069 221 4123 runt:
246 4061 408 4123 Gaudete
399 4080 430 4120 m
452 4062 734 4137 spo,patientes'1n
755 4061 956 4136 tribulatione,
984 4064 1091 4121 instate
1110 4063 1246 4122 orationi
1253 4057 1308 4122 eta.

137 4168 319 4228 Narraverat
328 4167 389 4241 hic,
413 4182 486 4240 quos
500 4151 678 4245 potissimum
693 4166 818 4225 hostes
809 4184 841 4224 m
861 4167 916 4226 hac
929 4169 990 4228 rita
1003 4167 1174 4226 haberemus
1190 4171 1219 4224 et
1231 4164 1308 4240 prae

136 4274 222 4358 cipue
236 4271 290 4331 hos
305 4251 490 4344 domesticos,
508 4285 623 4329 carnem
637 4276 668 4328 et
682 4271 820 4330 mundam
834 4277 864 4331 at
879 4272 1044 4344 sathanam,
1065 4271 1169 4344 jubens
1185 4270 1239 4329 hos
1252 4269 1309 4328 tide

137 4381 169 4435 ιι
190 4376 331 4450 patientia
352 4391 490 4449 superare
513 4359 695 4449 conaremur,
720 4381 750 4434 et
771 4377 949 4437 orationibus
969 4378 994 4434 si
1012 4376 1086 4435 alias
1108 4371 1235 4446 unquam
1255 4364 1310 4433 hoc

137 4487 268 4562 tempore
282 4495 407 4540 maxume
420 4481 589 4540 necessarus
602 4481 787 4545 rustaramna
1224 4494 1228 4500 ·
