3017 5225
767 422 836 491 210

213 607 285 667 illud
303 590 411 669 lectum
432 622 496 667 esse
514 598 682 668 inconsultis
701 606 950 671 concionatoribus
976 606 1107 668 omnibus
1130 620 1185 668 nec
1206 606 1249 667 illi
1270 606 1390 681 quidem

213 713 327 773 interim
346 712 418 772 illud
433 711 470 773 ad
485 714 636 789 legendum
651 712 817 793 exhibitum.
856 715 903 774 Ad
923 716 986 775 baec
1006 732 1070 775 cum
1089 716 1254 774 rescivisset
1268 720 1389 774 senatus

214 816 281 878 Vite
296 818 412 881 aliunde
433 820 578 895 exemplar
598 821 680 879 istius
703 814 770 879 libri
788 822 920 895 missum,
945 837 998 894 per
1017 825 1179 894 senatorem
1200 819 1325 893 aliquem
1343 820 1390 879 illi

213 924 399 1000 mandarunt,
426 932 459 985 ut
479 942 543 985 eum
563 924 689 985 libellum
712 926 821 984 nemini
842 932 940 985 mutuo
956 926 1062 987 daret.
1086 927 1208 1000 Insuper
1222 925 1339 985 omnino
1354 940 1390 984 se

214 1032 372 1092 abstineret
387 1032 539 1105 quicquem
553 1032 599 1092 vel
614 1038 714 1092 contre
728 1032 774 1091 vel
790 1030 826 1090 de
839 1030 895 1089 boc
907 1030 1005 1091 libello
1019 1031 1057 1090 ad
1072 1046 1233 1104 quenquam
1247 1030 1386 1103 scribere,

212 1150 250 1196 ne
265 1134 311 1197 vel
324 1153 357 1197 se
372 1136 464 1211 ipsum
479 1126 639 1215 1111111111
654 1137 791 1197 Noricam
811 1136 909 1210 aliquo
930 1134 1108 1195 incommodo
1123 1133 1261 1197 afficeret.
1289 1134 1388 1195 Probe

183 1314 188 1320 ι
214 1242 290 1306 euim
304 1243 360 1315 ipsi
374 1246 556 1328 perspectum
572 1258 649 1317 esse,
670 1258 741 1317 quus
757 1243 857 1303 turbas
878 1241 1001 1304 antehac
1015 1240 1165 1301 scribendo
1180 1240 1302 1313 moverit
1318 1240 1388 1317 (hoo

213 1352 310 1407 autem
324 1348 431 1407 dictum
446 1352 509 1407 erat
524 1347 560 1407 de
575 1346 680 1407 litteris
694 1346 754 1407 Viti
769 1348 807 1407 ad
820 1347 971 1420 Breutium
989 1344 1028 1406 ab
1041 1347 1180 1421 Hispanis
1193 1338 1385 1419 interceptis).

213 1453 361 1513 Addentes
375 1455 493 1527 insuper
507 1454 608 1527 minas,
640 1470 671 1513 se
686 1454 842 1527 asperrime
856 1454 887 1511 in
901 1453 994 1526 ipsum
1009 1451 1268 1532 animndversuros,
1291 1453 1317 1510 si
1331 1452 1387 1510 ali·

213 1560 259 1619 111
267 1560 310 1619 'ab
324 1560 388 1632 ipso
404 1556 495 1619 fieret.
519 1557 602 1637 ‘Quid
617 1563 716 1631 ageret
730 1559 831 1633 miser,
852 1560 902 1633 qui
916 1558 964 1617 uix
973 1558 1105 1632 ’1111111111
1125 1575 1160 1619 ex
1171 1559 1304 1638 ,omnibns
1319 1573 1384 1617 cor·

206 1665 292 1739 poris
308 1662 443 1722 membris
456 1664 610 1724 volubilem
624 1662 730 1725 habet?
758 1664 919 1737 Respondit
939 1668 1035 1722 temen
1050 1667 1151 1724 contra
1165 1665 1227 1722 haec
1240 1664 1384 1724 tonitrua:

214 1768 313 1828 Cesar
327 1768 380 1829 sub
395 1785 447 1828 suo
468 1770 581 1829 nomine
600 1768 705 1828 librum
724 1768 801 1827 hunc
814 1768 846 1827 in
859 1767 1005 1842 publicum
1019 1768 1137 1844 prodire
1151 1770 1255 1844 111111,
1278 1776 1308 1828 11
1322 1785 1385 1843 vos,

214 1874 322 1936 domiui
337 1874 401 1947 mei,
418 1875 493 1933 hunc
508 1875 602 1934 celare
617 1872 723 1932 vultis?
745 1874 774 1932 Is
789 1890 857 1935 vero
871 1874 958 1934 modo
973 1891 1061 1949 penes
1075 1871 1127 1935 nos
1143 1890 1201 1934 non
1216 1879 1269 1939 est.
1299 1874 1387 1947 Quod

213 1986 309 2042 autem
325 1979 484 2057 prohibetis
500 1997 545 2040 me
560 1981 695 2055 scribere,
711 1997 770 2041 non
784 1980 929 2055 gravabor
940 1981 1021 2056 uobis
1030 1980 1157 2055 obedire,
1173 1982 1240 2055 qnia
1254 1996 1308 2040 nec
1321 1996 1384 2044 ma·

213 2104 281 2147 num
296 2106 350 2149 uec
364 2087 466 2163 pedem
481 2089 536 2147 rite
551 2103 666 2147 movero
682 2102 794 2160 queam.
833 2085 892 2145 Sed
915 2082 985 2146 deus
1004 2086 1094 2161 bone,
1116 2102 1203 2161 quam
1220 2102 1324 2153 vereor
1345 2104 1387 2148 ne

212 2194 382 2255 vobismali
404 2194 560 2268 quidquam
579 2192 634 2252 hoc
652 2193 815 2251 institutum
834 2192 995 2266 praetendat
1007 2188 1071 2252 111.
1111 2192 1248 2253 Consules
1268 2209 1338 2252 vero
1350 2198 1387 2253 et

212 2306 328 2361 senatus
343 2300 418 2361 diem
433 2316 520 2359 unum
537 2306 567 2358 et
580 2298 702 2365 alterum
714 2299 860 2371 perpetuis
871 2286 1127 2357 consultationibus
1141 2297 1296 2374 insumunt,
1313 2298 1385 2372 quid

212 2404 375 2467 faciendum
394 2407 431 2463 sit
446 2420 533 2479 super
547 2404 602 2463 hoo
616 2402 741 2478 interim,
758 2407 788 2465 11
802 2402 923 2463 maxime
939 2402 1017 2477 quod
1030 2402 1130 2463 doctor
1140 2402 1289 2464 Henricus
1303 2404 1386 2463 Hase

214 2516 245 2570 11
265 2510 396 2571 dominus
417 2510 453 2567 de
474 2509 552 2581 Lyra
571 2510 687 2567 eaesaris
712 2491 828 2570 nomine
845 2510 905 2581 lam
930 2514 992 2599 tum
1013 2488 1384 2588 Noriubergaepraesentes

213 2632 267 2691 pro
289 2631 428 2691 responso
447 2616 642 2675 sollicitarent.
686 2613 816 2676 Tandem
834 2617 909 2676 victo
936 2615 1117 2686 verecundie
1137 2613 1247 2689 pudore
1269 2612 1385 2676 Christo

185 2755 193 2766 ν
213 2723 335 2797 gratiam
348 2722 466 2781 oaesaris
486 2719 644 2796 praeserunt
658 2736 693 2780 ac
708 2722 824 2780 interim
838 2723 965 2795 recipere
980 2727 1111 2782 statuunt
1124 2722 1384 2782 11111111Ὀεί11-

176 2907 178 2913 ,
213 2829 297 2887 drum
312 2829 415 2889 ceteris
435 2827 681 2887 concionatoribus
706 2828 844 2902 neglectis
864 2828 903 2887 ad
922 2845 953 2886 se
971 2818 1090 2904 vocant,
1116 2828 1205 2900 huie„
1214 2844 1278 2902 quae
1292 2843 1384 2903 caesar

213 2933 324 2992 senatui
339 2931 482 2992 mandarit
496 2932 579 2990 simul
594 2919 624 2992 et
644 2930 785 2993 terrificas
806 2934 898 2994 minas
919 2935 1008 3006 ipsius
1027 2937 1176 3008 exponunt
1197 2933 1383 3006 Andreasque

213 3053 299 3111 snper
310 3037 562 3097 bacreconsilium
575 3041 691 3110 petunt.x
703 3038 813 3110 Quibus
822 3038 927 3104 auditis
936 3039 1077 3098 Osiander
1090 3041 1147 3099 ait:
1163 3038 1320 3098 Consilium
1326 3039 1382 3098 hoc
1493 3078 1498 3090 .

211 3140 288 3216 apud
303 3144 502 3216 vosmetipsos
517 3141 639 3202 habetis.
657 3143 738 3220 „Nam
753 3144 992 3217 111111111111
1007 3160 1043 3204 eo
1056 3149 1204 3218 11111111,
1214 3149 1247 3204 11
1260 3143 1382 3218 pedibus

211 3251 242 3308 in
258 3252 427 3310 seutentiam
444 3250 562 3310 casaris
575 3249 657 3334 eatis.
681 3250 808 3310 Verbum
822 3254 917 3309 autem
933 3243 979 3310 (111
995 3255 1024 3308 11
1038 3250 1172 3316 assiduus
1184 3249 1270 3324 hujus
1284 3265 1380 3310 comes

211 3371 281 3416 11111
294 3355 424 3416 homines
438 3354 632 3430 requiritqui
648 3356 795 3433 quippiam
809 3355 854 3415 vel
869 3357 931 3429 eius
954 3357 1049 3432 gratia
1062 3357 1195 3416 amittere
1208 3357 1256 3415 rel
1270 3357 1380 3430 impen-

209 3463 278 3522 dere
293 3462 390 3522 veliut.
415 3459 486 3519 Cum
501 3466 601 3520 autem,
611 3477 661 3521 vos
676 3461 697 3521 ii
713 3461 785 3536 sitis,
807 3463 856 3535 qui
870 3458 1021 3521 commoda
1035 3467 1132 3522 vestra
1145 3463 1241 3536 magis¹
1251 3465 1282 3520 et
1295 3467 1380 3527 1111·

209 3567 380 3641 quillitatem
393 3565 544 3638 respicitis,
561 3565 681 3638 potestis
696 3567 837 3640 accipere.
862 3566 905 3624 Ac
919 3569 959 3626 sio
974 3566 1106 3642 dimissus
1121 3572 1173 3627 est.
1251 3545 1253 3549 ’

211 3701 215 3707 ·
297 3670 437 3730 Consules
456 3674 552 3729 autem
572 3675 602 3728 et
621 3677 737 3730 senatus
750 3667 914 3739 conventis,
930 3673 1110 3747 primoribus
1124 3673 1203 3733 urbis
1222 3678 1253 3732 et
1272 3672 1307 3731 iis
1331 3672 1380 3745 qni

208 3777 297 3836 telam
310 3775 386 3834 hanc
400 3775 458 3833 texi
474 3773 618 3848 volebant,
636 3776 763 3836 edicunt:
788 3777 863 3849 Quia
882 3795 1007 3839 caesarea
1021 3766 1157 3853 majestas
1174 3778 1378 3855 (1111111111-

209 3880 353 3940 clientibus
372 3881 487 3944 interim
502 3881 573 3944 illud
586 3883 691 3942 lectum
706 3883 762 3958 est)
777 3886 848 3960 haec,
864 3886 1005 3960 quaeflegi
1020 3880 1151 3961 audistis,
1167 3901 1232 3945 cum
1246 3885 1378 3948 electori·

207 3986 270 4045 bus
263 3987 464 4061 ,principibus
480 3993 510 4047 et
525 3987 696 4057 ordinibus'
688 3991 802 4063 rmperii
817 3990 994 4050 ordinavitc
996 3991 1083 4050 thaso
1098 3992 1208 4068 servari
1223 3992 1297 4050 serio
1313 3992 1379 4066 jus-

200 4093 254 4182 sit,
271 4107 324 4151 nos
338 4091 566 4180 considerantes,
589 4095 613 4152 si
633 4095 695 4168 ejus
715 4095 883 4155 uoluntati
832 4102 905 4178 111
924 4094 980 4155 hac
998 4074 1070 4156 urbe
1085 4098 1246 4170 resistatur,
1270 4102 1380 4170 quanta

208 4197 337 4272 pericula
356 4195 422 4256 huic
438 4172 605 4271 reipublicae
627 4201 806 4276 immineant,
821 4199 865 4261 11
885 4201 1062 4276 potissimum
1082 4218 1139 4274 quo
1157 4201 1221 4260 baeo
1236 4201 1379 4261 ordinatio

207 4303 277 4360 sive
275 4301 438 4372 declaratio
458 4305 573 4364 caesaris
594 4305 631 4364 dc
652 4306 793 4379 religione
807 4323 865 4365 non
880 4312 1020 4382 perpetuo
1042 4306 1080 4365 sit
1095 4306 1147 4365 sed
1160 4307 1275 4368 interim
1290 4305 1379 4383 (1111·

205 4409 282 4482 tura,
299 4407 484 4482 quoadusque
499 4409 657 4484 concilium,
674 4411 751 4482 qnod
763 4413 823 4484 jam
838 4414 868 4471 111
878 4409 987 4473 foribus
999 4418 1052 4488 est,
1063 4415 1172 4486 certum
1187 4411 1257 4485 quid
1270 4407 1401 4470 statuet*

207 4518 272 4588 111,
287 4515 481 4590 imperatorias
495 4515 638 4590 maiestati
653 4507 762 4578 morem
776 4533 881 4593 gerere
893 4519 1071 4581 statuimus,
1091 4518 1132 4579 Et
1149 4533 1217 4579 mox
1231 4505 1381 4579 amandati
