3017 5225
714 381 781 461 '22⁵

162 588 263 635 rerum
277 574 408 633 ιιιιιιιο
440 572 557 636 Sedt
513 580 557 636 est
572 572 698 651 (Christo
712 572 788 708 lans)
804 576 855 649 qui
868 576 950 635 nobis
964 581 1096 650 potentes
1110 562 1244 651 potenter
1258 593 1338 637 evor-

161 682 224 771 tere
239 684 291 754 pot
292 684 343 741 est.
416 726 419 731 ,
524 719 536 737 1,
1051 707 1053 713 v

191 781 362 842 Eadem
377 783 489 870 Jostum
506 782 595 876 Sophi
610 784 779 845 Wimariam
793 787 930 846 misimus.

251 879 362 948 Eadem
386 864 501 947 domina
523 904 621 948 socrus
640 889 809 950 Wimariam
831 889 1039 968 proficiscitur,
1070 908 1166 951 secum
1193 853 1338 951 abducens

164 992 321 1074 Aemiliam
337 998 366 1051 et
353 993 494 1052 thunam
507 994 633 1053 Mariam
648 992 731 1053 dhas.
755 996 883 1056 Uxorem
898 1005 1012 1083 quoque
1027 998 1159 1057 doctoris
1168 997 1339 1057 Melchioris

163 1098 200 1159 de
217 1064 300 1159 Ossa.
324 1100 445 1157 Venturi
459 1114 574 1183 queque
590 1099 760 1159 Wimariam
783 1106 867 1161 erant
888 1100 1029 1177 Georgius
1043 1096 1183 1163 Emestus
1204 1105 1338 1177 princeps

164 1210 194 1264 et
208 1219 302 1275 comes
317 1204 348 1261 in
361 1203 553 1278 Hennebcrg,
579 1202 743 1263 Fridericus
759 1188 777 1264 a
792 1205 1013 1281 Wangenheim,
1040 1208 1218 1267 consiliarius
1233 1206 1337 1265 ducum

138 1365 145 1369 ,
164 1308 298 1369 Saxoniae
314 1312 343 1368 et
357 1307 406 1367 alii
420 1308 497 1367 inter
516 1305 604 1367 filiam
626 1307 744 1367 Henrici
770 1312 881 1382 comitis
896 1328 915 1371 a
929 1311 1148 1385 Schwartzburg
1162 1317 1192 1371 et
1207 1310 1336 1371 Giinthe-

162 1430 227 1477 rum
242 1405 374 1473 comitem
389 1429 407 1471 a
423 1413 641 1489 Schwartuburg
656 1429 743 1474 causa
758 1413 832 1473 dotis
846 1413 948 1477 acturi.

237 1516 365 1579 Eadem
381 1524 411 1577 et
424 1518 567 1577 Henricus
582 1536 601 1578 a
615 1518 786 1583 Wildcnfels
802 1521 883 1581 abiit.

249 1623 359 1683 Socrus
378 1599 582 1696 pernoctatum
601 1628 665 1682 erat
687 1624 765 1697 apud
779 1625 959 1684 Fridericum
973 1643 992 1686 ι
1006 1625 1177 1708 ιιιιιιιιιι.
1215 1625 1338 1684 Nosm·

162 1730 276 1789 terim
268 1746 297 1786 m
298 1734 344 1787 ιιι
359 1744 437 1801 spem
451 1734 621 1801 metumque
631 1730 761 1801 suspensi
775 1730 818 1789 ιιι
834 1733 941 1790 exitum
956 1731 1186 1804 expectabamus.

221 1830 223 1835 '
254 1832 379 1901 decena
394 1848 456 1891 cum
472 1832 587 1892 domina
602 1831 638 1892 de
653 1832 848 1909 Wildenielss,
864 1834 924 1896 filia
938 1835 1000 1910 ejus
1014 1838 1183 1909 Margareta
1197 1852 1232 1895 ac
1245 1851 1337 1894 uxore

165 1938 222 1997 cibi
238 1937 390 2012 digerendi
404 1938 498 2011 gratia
512 1938 543 1997 in
558 1954 652 1997 arcem
674 1938 718 2014 (nt
732 1938 847 2016 vocant)
869 1946 996 2001 veterem
1016 1942 1135 2000 ibamus.
1174 1941 1229 1999 Est
1243 1944 1338 1998 autem

165 2058 266 2128 murus
283 2031 343 2103 arci
357 2044 517 2117 proximus,
541 2044 590 2103 ubi
610 2043 705 2102 adbuc
722 2042 914 2129 fundamentav
929 2052 959 2106 ct
977 2048 1116 2111 maceries
1135 2029 1260 2106 ruinosae
1270 2046 1337 2104 ‘vis-

166 2154 266 2231 untur.
305 2148 352 2207 dd
371 2148 456 2222 hujus
475 2150 580 2208 montis
604 2148 716 2209 radices
740 2151 771 2208 in
785 2149 956 2211 suburbanis
969 2143 1150 2210 Rudelstadii
1165 2149 1241 2208 aedes
1256 2146 1338 2207 nobi-

138 2267 142 2271 ’
168 2255 238 2313 lium
261 2253 504 2329 aHeisensunt,
530 2252 607 2327 quas
622 2268 697 2313 nunc
717 2252 873 2329 Georgius,
901 2256 1037 2325 Ursulum
1061 2255 1097 2313 de
1119 2253 1287 2327 Schonberg
1309 2253 1340 2309 ιι

168 2374 287 2419 uxorem
302 2359 419 2433 habens,
435 2358 586 2419 inhabitat.
605 2384 608 2389 ¹
626 2359 698 2437 Sunt
714 2364 743 2418 et
758 2361 805 2418 his'
817 2362 958 2435 contiguae
973 2360 1073 2419 domus
1089 2355 1218 2433 sigtffidi
1233 2358 1339 2417 Schon-

167 2461 238 2527 feldt
253 2470 283 2523 et
297 2464 424 2539 Philippi
438 2481 456 2522 a
471 2465 542 2523 Ten.
569 2464 781 2530 ¹desidentibus
795 2465 884 2540 igitur
898 2467 981 2536 nobis
995 2468 1026 2524 in
1040 2470 1137 2524 monte
1152 2464 1272 2525 accessit
1286 2477 1340 2520 nos

167 2584 240 2644 puer
260 2568 393 2644 quidam,
419 2568 548 2630 indicans
573 2563 715 2644 quendam
738 2587 754 2629 e
779 2570 888 2631 familia
903 2574 1038 2632 comitum
1061 2570 1097 2630 de
1120 2569 1338 2641 Schwartzburg

147 2667 282 2767 petere,
304 2681 337 2734 ιι
352 2693 397 2734 me
412 2691 567 2736 convenire
579 2677 678 2750 possit
716 2668 843 2735 Puerum
858 2694 927 2749 crgo
941 2677 1139 2750 interrogari
1127 2692 1273 2750 passimus
1290 2690 1338 2731 cu·

165 2783 282 2854 jussam
295 2761 425 2841 minister
441 2787 529 2856 esset,
555 2782 607 2841 sed
622 2788 794 2856 anteaquam
808 2798 880 2856 puer
894 2781 933 2840 ad
946 2797 999 2839 uos
1013 2797 1146 2840 reuersus
1161 2786 1251 2852 esset,
1277 2781 1339 2853 ipse

83 2929 90 2942 .
169 2885 392 2960 christophorus
407 2887 444 2946 ab
459 2887 518 2947 Ειιι
505 2889 641 2962 tzenberg
656 2888 737 2947 nobis
751 2885 786 2946 fit
808 2888 921 2947 obviam
935 2887 1049 2944 nomine
1065 2886 1175 2944 comitis
1190 2901 1234 2943 sm
1226 2882 1338 2944 loan-

168 2993 213 3051 nis
228 2992 347 3051 Henrici
367 2991 617 3066 aSchwartzburg
637 2997 666 3051 et
687 2994 726 3056 ab
739 2992 802 3066 ejus
821 3008 913 3053 uxore
928 2986 1019 3052 nobis
1026 2991 1148 3051 salutem
1164 2990 1263 3049 dicens
1275 2989 1339 3046 haec

150 3087 275 3156 attulit.
312 3091 505 3180 Posteaquam
525 3105 629 3157 comes
645 3093 894 3171 suus'aocopisset
918 3097 1060 3156 dominam
1081 3091 1195 3155 socrum
1216 3109 1339 3167 peregre

168 3198 326 3274 proiectam
343 3217 451 3275 nosque
467 3217 530 3259 cnm
545 3217 635 3260 uxore
650 3207 749 3260 nostra
763 3203 870 3262 ibidem
890 3203 973 3275 quasi
995 3202 1123 3260 solitarie
1144 3199 1257 3274 degere,
1281 3195 1339 3271 ιιι

167 3307 231 3380 ipse
246 3323 340 3370 comes
361 3309 453 3368 nostri
474 3309 605 3367 notitiam
624 3307 731 3369 babere
747 3302 856 3380 possit,
879 3307 1022 3380 peramica
1044 3309 1108 3362 cu'm
1122 3310 1231 3377 petere,
1254 3307 1288 3361 ut
1301 3301 1340 3361 ad

170 3405 246 3472 diem
265 3389 369 3470 ldartis
390 3413 550 3488 proximum
572 3412 625 3471 sub
651 3403 801 3483 vesperam
820 3412 852 3468 in
875 3408 1128 3483 Leuchtenberga,
1154 3410 1203 3469 ubi
1227 3414 1257 3466 et
1279 3413 1340 3466 tum

169 3517 478 3590 nuptiaspcdissequaa
494 3516 592 3577 uxoris
608 3532 667 3574 suae
674 3515 832 3575 habiturus
847 3518 932 3588 esset,
952 3514 1054 3572 adesse
1069 3492 1340 3587 dignaremur.‹His

170 3619 276 3680 auditis
292 3622 382 3695 primo
398 3622 469 3681 hero
485 3637 536 3680 suo
552 3625 581 3680 et
597 3621 718 3680 dominae
734 3617 843 3694 gratias
863 3636 950 3694 agera
962 3620 1108 3692 jussimus.
1146 3618 1230 3701 Talia
1244 3622 1340 3676 antem

170 3742 233 3786 esse
248 3725 336 3787 modo
355 3726 474 3800 negocia
497 3731 665 3800 nostram
678 3727 791 3785 choreae
810 3743 868 3785 non
887 3727 1067 3800 peterentur,
1091 3738 1145 3780 nec
1167 3738 1280 3795 quoquc
1294 3736 1340 3801 me

169 3831 259 3905 probe
274 3831 405 3890 edoctum
425 3847 487 3890 esse
509 3830 553 3890 ad·
566 3804 717 3906 strepitum
736 3831 862 3911 cytharae
882 3824 1049 3889 choreatum
1071 3812 1357 3900 ducere‘nymphas.¹

156 3913 243 4016 ⁴Quia
257 3919 352 3994 autem
364 3938 457 3994 comes
467 3921 603 4011 petierat,
619 3943 653 3995 ul
659 3936 812 3994 Aemiliam
822 3935 931 4008 neptim
945 3948 1039 4005 suam,
1051 3930 1137 4003 quam
1150 3931 1243 4007 ipsse
1259 3944 1340 3987 sacro

170 4039 350 4126 baptismatis
365 4038 443 4098 fonte
457 4041 597 4115 levasset,
617 4042 765 4101 nobiscum
780 4035 999 4113 adduceremus,
1017 4036 1123 4102 dictum
1138 4038 1181 4091 est
1195 4032 1247 4108 illi,
1263 4033 1339 4092 hanc

171 4161 233 4204 cum
248 4148 340 4204 matre
354 4145 467 4204 abiisse.
506 4146 579 4217 Quia
599 4152 649 4205 ιιι
650 4163 692 4205 em
713 4145 769 4206 hoc
788 4159 926 4220 responso
943 4140 1164 4214 christophorus
1187 4137 1242 4196 sibi
1256 4138 1340 4196 satis·

127 4247 128 4253 ’
170 4249 276 4310 fadum
293 4249 427 4310 nolebat
412 4293 420 4324 ,
398 4254 488 4325 tper
504 4249 600 4309 Christ
587 4250 740 4325 tophorum
749 4251 826 4325 Zier,
842 4249 955 4323 quidm
969 4249 1023 4307 hac
1038 4261 1070 4305 re
1084 4241 1250 4304 faciendum
1259 4242 1343 4361 uobis

171 4371 211 4416 an
224 4371 307 4414 secus
323 4360 400 4414 esset
401 4356 634 4430 ,respondimus
731 4406 734 4414 .
753 4360 758 4366 '

260 4461 289 4518 ix
284 4454 373 4518 Julii
394 4447 535 4560 damper
557 4431 780 4533 hybernaculum
800 4434 898 4521 socrus
920 4452 1052 4535 mansee,
1076 4454 1151 4518 forte
1171 4449 1340 4520 fortunam

214 4575 330 4624 waldach.
455 4596 457 4602 s
586 4591 590 4600 ¹
748 4569 752 4577 “
880 4572 884 4578 “
1090 4564 1130 4624 15
