3017 5225
769 426 792 492 b

195 611 302 673 coeaati
316 624 412 671 sumus
427 614 457 670 et
474 609 714 684 pernoctavimus.
745 608 801 668 Est
820 609 897 667 enim
911 606 1061 683 bieiuinga
1076 607 1191 669 ditionis
1206 606 1366 669 henneber-

195 718 297 792 giaca,
321 716 389 776 olim
404 719 433 774 et
448 713 613 776 dioeceseos
628 720 658 775 et
672 715 790 775 dominii
803 712 1022 788 herbipolensis.

283 822 333 897 viij
347 820 471 897 Aprilis,
495 837 559 894 qua
581 824 645 879 erat
666 820 808 881 dominica
828 818 1106 893 Quasimodogeniti,
1129 817 1280 879 Masielda
1301 834 1368 879 con-

195 928 306 988 cionem
326 943 437 987 sueram
455 926 586 1001 magistri
605 926 732 1001 Philippi
752 924 925 984 ecclesiastae
945 924 1032 982 aulici
1051 922 1227 999 audvimns,
1251 926 1302 1000 qui
1321 926 1369 1001 pie

194 1032 304 1109 pariter
319 1049 353 1093 ac
369 1033 452 1092 docte
467 1049 503 1091 ex
517 1032 610 1106 capite
625 1031 725 1090 ultimo
739 1029 862 1088 Joaunis
877 1027 914 1087 de
928 1027 1118 1088 sollicitudine
1134 1027 1241 1089 Christi
1261 1028 1370 1091 domini

195 1143 225 1197 et
243 1138 394 1198 salvatoris
413 1136 505 1197 nostri
519 1150 573 1210 pro
588 1135 647 1194 suis
662 1134 702 1193 illi
718 1131 882 1208 fidentibus,
906 1133 942 1192 de
961 1132 1143 1207 ablegatione
1163 1134 1367 1208 apostolorum,

196 1242 233 1302 de
247 1247 390 1317 potestate
411 1239 588 1299 remissionis
609 1244 805 1312 peccatorum,
829 1238 899 1298 item
918 1238 950 1297 in
972 1255 1057 1312 quem
1077 1256 1160 1298 nsum
1181 1238 1304 1298 historia
1323 1256 1369 1299 re-

196 1347 380 1408 surrectionis
401 1343 551 1405 dominica
570 1348 652 1405 mota
674 1343 822 1418 diligentia
840 1341 878 1403 ab
898 1344 1157 1420 evangeliographo
1175 1344 1288 1404 Joanne
1302 1358 1368 1403 con·

196 1454 303 1528 scripta
325 1452 371 1512 sit.
409 1450 551 1510 Nimirum
574 1464 630 1525 quo
654 1450 731 1510 omni
757 1447 954 1507 incredulitati
980 1450 1183 1511 renunciantes
1208 1447 1369 1523 perfidem

197 1558 304 1619 christi
317 1560 438 1618 mortem
453 1554 700 1630 apprehendentes
716 1555 807 1629 ipsius
822 1554 930 1615 donini
944 1554 1032 1629 nasci,
1056 1556 1162 1629 vivere,
1185 1554 1259 1616 mori
1279 1558 1309 1612 et
1323 1569 1369 1613 re-

195 1662 364 1737 surrexisse,
388 1665 518 1722 nostrnm
534 1674 596 1719 esse
611 1664 690 1720 certo
705 1660 810 1718 certius
825 1658 983 1735 medamus,
1007 1665 1040 1720 ut
1057 1661 1146 1721 vitam
1161 1674 1369 1733 consequamur

195 1768 226 1827 in
241 1766 355 1827 Christo
370 1768 442 1827 Jesu
457 1768 607 1841 aternam,
632 1764 738 1825 docuit
769 1765 850 1825 Fiat!
879 1763 982 1824 Amen.

286 1870 441 1931 Consilium
455 1870 635 1932 dominorum
649 1869 860 1945 aHenneberg
874 1870 1022 1931 wilhelmi
1036 1869 1127 1943 patris
1141 1874 1171 1929 et
1186 1868 1303 1945 Georgii
1315 1868 1369 1931 Er·

196 1978 271 2040 nesti
284 1976 346 2053 tilii,
369 1978 462 2051 primo
477 1978 533 2037 illis
554 1994 591 2037 ex
610 1992 643 2036 re
663 1980 693 2036 et
712 1976 959 2051 pernecessarium
977 1964 1078 2049 videri,
1101 1980 1135 2035 ut
1148 1991 1316 2050 pareremus
1330 1975 1369 2034 ci-

195 2084 298 2145 tationi
312 2088 343 2145 et
356 2082 493 2143 mandato
509 2082 652 2157 Oaesareo,
676 2098 733 2141 non
747 2098 836 2141 uuam
849 2082 887 2141 ob
901 2097 1026 2141 cansam.
1056 2082 1130 2141 Item
1149 2081 1206 2139 illis
1227 2078 1319 2140 videri
1333 2096 1370 2139 ex

195 2191 241 2266 iis,
264 2206 328 2265 qnae
342 2190 399 2249 illis
415 2186 644 2261 ostendissemus,
668 2202 720 2247 nos
734 2184 819 2247 facile
833 2204 852 2246 a
865 2184 949 2247 nobis
965 2186 1134 2261 depulsuros
1148 2185 1270 2260 objecta.

286 2296 394 2357 contra
415 2294 578 2353 illusionem
603 2292 802 2367 episcoporum
827 2308 846 2351 a
868 2292 1028 2351 trevirense
1047 2297 1077 2351 et
1096 2292 1258 2352 coloniense
1278 2307 1370 2352 reme·

198 2401 276 2462 dium
296 2397 368 2473 fore,
390 2402 424 2456 ιιι
443 2413 531 2458 causa
550 2396 589 2456 ad
608 2400 700 2456 status
715 2395 829 2470 imperii
843 2396 1035 2457 examinanda
1049 2402 1079 2457 et
1088 2396 1245 2471 jndicanda
1258 2396 1368 2458 refera-

197 2511 254 2566 tur.
286 2504 333 2571 Sic
348 2503 424 2562 enim
439 2517 489 2561 eos
503 2517 563 2575 prce
578 2499 691 2576 pudore
705 2517 764 2561 non
785 2500 903 2575 audere,
927 2517 991 2575 qua
1010 2499 1087 2562 forte
1106 2503 1216 2562 occulte
1236 2503 1369 2565 sedentes

195 2610 227 2675 in
241 2608 353 2670 insidiis
367 2606 544 2668 molirentur.
574 2606 647 2666 Item
662 2622 720 2667 non
735 2610 843 2681 praeter
863 2604 1012 2682 remtore,
1036 2608 1061 2666 si
1080 2607 1117 2668 de
1134 2609 1271 2670 mandato
1286 2610 1369 2672 nobis

196 2732 255 2776 non
268 2715 413 2776 insinuato
429 2712 527 2773 Oasar
542 2711 647 2771 certior
661 2712 833 2773 redderetur
847 2713 884 2774 de
898 2714 1068 2774 alteratione
1081 2712 1169 2789 feudi,
1180 2715 1249 2788 quia
1263 2718 1367 2792 omnia,

196 2838 260 2899 quae
282 2820 508 2898 possideremus,
532 2817 680 2879 (latiorum
699 2819 836 2908 principis
855 2817 972 2880 feudum
992 2821 1064 2893 sint,
1087 2836 1257 2897 rogaremus
1275 2821 1370 2882 casa-

194 2942 266 3004 rem,
290 2931 324 2986 nt
338 2931 446 2988 nostrae
461 2924 632 2986 conditionis
647 2929 677 2984 et
689 2923 809 2985 honoris
823 2927 966 2986 rationem
980 2926 1087 2987 habere
1109 2926 1286 3002 dignaretur.
1318 2929 1369 2990 Sin

194 3047 264 3094 vero
281 3029 379 3092 Oaesar
392 3032 487 3092 acrius
501 3032 632 3106 instaret,
643 3031 763 3106 ipsemet
775 3030 867 3090 illaeso
882 3037 982 3092 nostro
998 3037 1028 3094 et
1038 3033 1202 3106 juramento
1216 3034 1370 3095 ethonore

196 3153 260 3198 cnm
276 3134 424 3197 Oattorum
437 3137 567 3212 principe
581 3136 645 3195 haec
664 3137 848 3211 transigeret,
870 3136 910 3196 Et
930 3137 972 3196 sic
989 3153 1043 3198 nos
1063 3139 1206 3199 neminem
1223 3139 1369 3199 lubentius

170 3245 173 3252 '
195 3259 230 3304 ac
243 3244 338 3319 ipsum
352 3244 556 3317 imperatorem
569 3258 623 3318 pro
644 3243 760 3303 domino
780 3241 859 3301 feudi
879 3243 1038 3318 agnituros.
1068 3243 1263 3318 Posteaquam
1281 3246 1369 3327 igitur
1492 3300 1493 3319 ,

194 3348 346 3415 Masleldcc
361 3352 480 3425 opipare
495 3350 565 3410 satis
579 3365 723 3425 pransum.
732 3353 786 3423 est,
805 3347 898 3408 literis
912 3349 1120 3410 intercessuriis
1135 3356 1250 3424 epatre
1265 3355 1295 3412 et
1307 3350 1369 3410 filio

194 3457 234 3518 ad
254 3457 434 3517 Joachimum
454 3456 647 3517 marchionem
673 3454 975 3530 brandenburgensem
994 3454 1147 3516 electorem
1167 3461 1221 3516 eto.
1243 3462 1273 3516 et
1293 3456 1367 3517 Wil·

194 3563 320 3624 helmum
334 3563 467 3622 comitem
480 3579 499 3620 a
511 3560 634 3621 Nassaw
648 3562 783 3636 acceptis,
807 3567 874 3635 post
887 3560 1028 3621 secundas
1048 3561 1135 3621 etiam
1149 3577 1263 3623 mensas
1277 3563 1368 3622 multo
1492 3578 1493 3631 ι

194 3669 268 3746 lyaeu
284 3665 428 3742 perfusas,
452 3666 560 3726 dimissi
574 3666 781 3742 Konigshoven
798 3665 1004 3726 mutendmus.

283 3773 488 3848 Konigshoven
506 3771 715 3846 herbipolensis
736 3771 864 3846 episcopi
884 3770 954 3830 urbs
974 3777 1019 3830 est
1037 3776 1067 3830 et
1085 3777 1224 3832 emnam.
1257 3771 1368 3834 Ibidem

195 3895 213 3940 a
227 3883 330 3940 senatu
344 3880 412 3940 vino
425 3878 558 3938 honorati
576 3893 683 3936 sumus.

283 3985 314 4044 ix
327 3982 436 4058 Aprilis
450 3985 481 4044 in
494 3983 613 4044 Bunach
628 3999 716 4056 super
730 3979 901 4041 Bunichinm
915 3979 1033 4041 durium
1048 3983 1238 4056 pervenimus.

282 4107 303 4150 x
315 4089 423 4165 Aprilis
438 4089 563 4149 Bnnacae
576 4088 749 4164 jentaculum
765 4087 936 4162 sumpsimus
951 4100 986 4147 ac
999 4087 1234 4162 cnnsuphorum
1245 4109 1264 4152 a
1275 4091 1368 4152 Deru·
1492 4068 1493 4103 ³

194 4194 279 4270 bach,
303 4196 352 4280 qui
367 4194 450 4255 nobis
466 4192 523 4254 dux
537 4194 592 4254 viae
606 4211 625 4254 a
640 4193 761 4254 dominis
776 4208 795 4252 a
808 4192 984 4268 Henneberg
998 4193 1082 4255 datus
1102 4201 1175 4271 crat,
1198 4213 1263 4256 cum
1275 4198 1368 4259 literis
1492 4196 1493 4281 ]

196 4304 226 4360 et
246 4299 402 4361 honorario
429 4298 595 4360 dimisimus.
637 4300 697 4375 Ipsi
719 4315 772 4359 nos
794 4299 995 4360 Forchemium
1015 4301 1074 4362 iter
1098 4303 1270 4376 arripientes
1291 4304 1368 4364 inter

197 4404 362 4468 Bunacham
378 4411 408 4466 et
420 4404 612 4482 Bambergam
625 4407 757 4468 Moenum
770 4406 925 4466 transvecti
940 4422 1047 4466 sumus.

287 4511 399 4575 Eodem
418 4511 620 4574 Forchemium
639 4513 753 4577 circiter
771 4512 925 4574 mundam
944 4511 1171 4590 pomeridianam
1191 4512 1365 4590 devenimus,
