3017 5225
587 448 845 525 Ι105’

144 633 175 698 in
198 640 333 700 absentie
358 633 485 714 ipsorum
511 642 606 702 illatus
627 642 748 718 iniurias
775 644 869 722 comiti
895 661 913 705 a
935 645 1055 705 Nassaw
1082 647 1315 722 conquerulatnm

144 745 252 805 abiere.
414 742 417 748 ’

136 877 141 880 -
234 851 339 910 Florus
362 830 475 926 librum}
498 853 528 911 in
549 867 607 925 quc
626 850 781 911 herbarum
800 850 900 927 figurae
919 855 980 914 suis
997 855 1142 921 coloribus
1161 858 1200 917 ad
1222 859 1316 918 vivum

143 955 268 1030 depictae
282 962 366 1016 erent
380 962 410 1016 et
424 957 510 1016 alium
525 957 555 1016 in
569 973 603 1016 re
616 942 728 1037 medica
741 956 913 1019 revendidit
945 945 948 952 ’

235 1044 369 1122 Catulum
383 1077 402 1120 s
416 1061 550 1122 stockem
569 1064 638 1137 quia
652 1064 758 1138 sapias
777 1063 957 1122 invitavimus
976 1080 1012 1124 na
1029 1066 1149 1128 morosis
1164 1038 1338 1126 murmuri-x

144 1166 199 1225 bus
214 1183 286 1226 ansa
301 1166 429 1239 daretur,
453 1183 508 1242 pro
523 1169 655 1242 expensis
670 1169 760 1242 ipsius
775 1185 925 1228 oeconomo
939 1169 1022 1228 Josto
1041 1167 1216 1230 Golbaehoro
1231 1169 1315 1231 flere·

145 1285 214 1331 num
228 1270 501 1334 ameumdadinus.
689 1331 692 1335 .

234 1376 345 1435 Eadem
359 1375 559 1451 ‘Milcblingum
576 1376 616 1436 ad
634 1356 910 1438 transmeatum
930 1397 982 1453 pro
998 1381 1088 1440 literis
1111 1387 1164 1440 etc.
1181 1382 1315 1454 misimus,

144 1478 333 1546 sedilrnstra.
370 1479 481 1541 Eadem
501 1479 624 1541 famulus
644 1483 783 1543 licentiati
805 1484 919 1544 Nicolai
938 1483 1032 1545 Maier
1053 1487 1188 1558 scriptum
1202 1485 1315 1560 snppli-

145 1576 422 1645 cationis‘adierens
440 1586 625 1646 Atrebatansi
645 1588 737 1647 nostri
757 1589 871 1648 nomine
891 1577 1075 1656 offerendum.
1107 1589 1227 1649 Famulo
1242 1591 1317 1650 batzi

145 1705 198 1748 sax
213 1688 274 1748 dati
288 1694 364 1748 sunt.
606 1690 614 1699 ’
694 1747 701 1765 x
1074 1689 1075 1694 ’
1303 1737 1306 1742 Α

213 1808 217 1814 ·
235 1777 364 1859 Maxima
377 1793 432 1854 Dei
447 1797 538 1869 patris
553 1797 599 1856 ira
613 1802 643 1856 et
662 1803 762 1858 nostm
782 1797 869 1874 (prob
889 1795 983 1874 dolor)
1004 1798 1214 1872 impoenitentia
1234 1798 1316 1860 allec-

145 1906 208 1959 tum
222 1904 275 1972 est,
291 1905 324 1959 nt
337 1899 437 1960 uidere
451 1906 529 1960 esset
542 1891 600 1961 boc
611 1902 674 1975 ipso
690 1902 746 1977 die,
770 1900 945 1962 cardinalem
960 1903 1159 1980 Augustarum
1174 1921 1192 1963 a
1207 1903 1316 1962 Truck·

144 2022 193 2087 sas
206 2009 415 2065 sacramentum
431 2004 477 2082 (nt
489 2006 544 2079 ipsi
559 2003 728 2080 loquuntur)
740 1995 963 2065 confirmationis
976 2007 1186 2082 administrare,
1195 2014 1225 2068 et
1235 2014 1318 2069 tanta

145 2109 284 2169 sancdtm
303 2125 357 2182 per
376 2125 407 2169 se
427 2109 458 2170 id
475 2107 571 2170 lacere
586 2111 705 2185 dignata
727 2116 780 2184 est,
804 2126 868 2168 cum
882 2112 930 2170 vix
945 2127 1032 2169 uuum
1044 2112 1107 2183 iota
1122 2128 1211 2172 sacrae
1227 2115 1316 2188 scrip·

32 2225 35 2230 ·
144 2219 219 2273 turae
233 2231 287 2288 pre
303 2221 440 2289 suggestu
461 2213 516 2274 lari
537 2216 651 2276 audeat.
684 2215 822 2275 Curatum
843 2221 938 2275 autem
960 2217 998 2276 ab
1020 2232 1053 2275 eo
1076 2221 1129 2291 ast,
1153 2223 1186 2276 ut
1205 2219 1229 2276 si
1243 2209 1321 2278 forte'

8 2360 9 2369 η
145 2319 308 2392 augutam
326 2319 393 2378 hnic
411 2321 537 2381 vesanis
556 2338 616 2382 non
634 2322 730 2381 setim
753 2321 980 2394 subscriberent,
1000 2321 1104 2380 rustici
1125 2321 1230 2382 Baliari
1255 2340 1318 2383 cum

8 2458 9 2465 κ
111 2498 113 2503 Ι
145 2424 206 2482 suis
220 2410 318 2484 liberis
333 2422 576 2508 adforentjquod
591 2430 621 2484 et
638 2425 753 2486 famum.
767 2433 819 2486 est.
850 2425 1014 2486 Ferebatur
1032 2442 1146 2500 quoque
1167 2429 1318 2488 nonnullos

145 2544 205 2587 rere
220 2541 283 2588 esse
302 2524 478 2605 conductus,¹
492 2535 526 2589 ut
544 2529 618 2590 banc
636 2533 829 2592 caerimoniam
849 2533 1037 2607 susciperent.
1075 2527 1198 2610 Reperti·
1209 2538 1275 2612 suut
1290 2540 1319 2594 ct

129 2617 222 2707 ,inter
243 2635 321 2695 cives
342 2634 541 2711 Augustanos,
566 2637 615 2710 qui
637 2636 674 2697 ob
695 2637 750 2695 hoc
772 2637 944 2697 dominicum
952 2636 1183 2711 -lrequentarent
1207 2640 1318 2712 signum

146 2737 371 2811 confirmationis
386 2756 446 2799 suae
460 2739 588 2815 perfidiae
603 2743 633 2799 in
648 2741 793 2803 Christum
809 2758 826 2803 a
842 2742 986 2801 cardinale
1002 2743 1182 2816 excipientes.
1227 2783 1231 2789 ,
1249 2732 1252 2737 ’

165 2886 168 2889 -
233 2845 261 2903 A
282 2843 407 2928 prandio
425 2862 494 2909 uero
515 2846 641 2905 Michael
659 2847 708 2907 illo
726 2844 844 2906 fictitius
863 2846 1023 2934 Mcguntiae
1044 2847 1150 2921 praesul
1168 2846 1254 2920 hujus
1274 2844 1316 2907 la·

145 2950 221 3011 bulae
235 2951 419 3025 eorypboeum
434 2952 501 3025 egit.
542 3019 548 3035 Ι
713 3015 715 3020 ,
953 2958 957 2967 ’
1260 2978 1264 2983 ·

231 3056 367 3129 Domine,
383 3061 473 3129 nsque
488 3072 554 3130 quo,
576 3072 645 3127 num
659 3058 689 3116 in
704 3064 875 3133 perpetuum
889 3060 935 3119 ira
950 3064 1001 3118 tna
1016 3057 1176 3119 desaevioti'
1201 3054 1319 3131 Exurge

145 3166 176 3223 at
186 3162 286 3235 judica
299 3164 422 3248 terram!
452 3161 514 3221 Nos
534 3162 650 3242 quidem
670 3161 799 3222 conlusio
820 3163 910 3237 docet,
933 3164 1013 3237 impii
1034 3168 1139 3236 autem,
1163 3178 1180 3221 o
1196 3162 1317 3235 domine,

145 3282 249 3327 nomeu
264 3272 344 3326 tuum
362 3267 608 3341 blasphemabunt,
633 3266 771 3326 dicantes:
794 3268 861 3325 Nou
882 3271 927 3325 ast
948 3266 1003 3323 illis
1024 3282 1090 3339 spes
1111 3266 1141 3322 in
1160 3265 1319 3338 Deoripso-
1415 3336 1424 3345 -

143 3385 232 3451 rum.¹
251 3370 386 3431 Omnibus
401 3387 455 3447 par
469 3370 614 3434 Christum
627 3372 744 3445 ignosce
759 3376 789 3431 et
808 3371 930 3430 nominis
948 3371 991 3429 tui
1010 3369 1130 3442 gloriam
1150 3384 1254 3428 assere.
1285 3370 1319 3428 ld

81 3482 85 3489 ’
144 3484 175 3537 ta
189 3492 325 3551 rogamus
339 3476 536 3537 occurissem
551 3478 696 3537 dominnm
711 3481 849 3535 nostrum.
881 3476 982 3535 Amen.
1295 3490 1296 3493 ¹

236 3580 469 3663 constantienses
489 3584 601 3642 ceteris
615 3581 735 3662 urbibus
754 3584 850 3643 anino
870 3582 1062 3643 constantiore
1081 3564 1094 3616 ¹¹
1105 3578 1227 3639 luteum
1247 3574 1343 3648 illud,

146 3701 211 3746 osse
222 3684 366 3745 dicuntur.
388 3684 469 3745 Deus
484 3686 540 3745 illis
555 3688 744 3747 constentiam
760 3682 828 3747 fidei
843 3704 874 3747 se
889 3688 1004 3763 dignam
1018 3686 1161 3764 impartiri
1175 3678 1318 3759 dignetur.

197 3792 201 3797 '
235 3791 295 3863 xxij
311 3790 384 3864 Maji
403 3791 531 3852 Jeannes
550 3792 641 3856 freter
662 3798 691 3853 et
711 3808 765 3868 ago
785 3794 914 3853 concioni
934 3808 1023 3852 sacrae
1044 3790 1219 3865 Wolffgangi
1237 3789 1318 3848 Mus-

147 3896 206 3956 culi
220 3895 451 3971 interfueramus,
474 3898 575 3970 quiex
589 3914 652 3974 cap.
671 3900 712 3957 *15
731 3899 854 3959 Joannis
868 3898 930 3956 haec
945 3897 1045 3966 verba:
1072 3897 1122 3955 «Si
1142 3896 1205 3968 quis
1225 3896 1255 3953 in
1274 3912 1320 3953 mc
1339 3963 1341 3969 Ι

147 3979 210 4061 non'
218 4002 370 4075 manserit,
394 4001 503 4075 ejectus
518 4008 563 4062 eat
576 4002 655 4064 foras
669 4004 744 4062 sicut
758 4005 867 4078 palmas
883 4008 912 4061 et
926 4003 1102 4075 exercitet
1120 4001 1255 4074 colligant
1269 4016 1319 4059 eos

145 4098 330 4180 etin-ignem
344 4106 500 4187 conjiciunt
514 4114 545 4167 et
558 4085 682 4169 ardenti
699 4114 753 4168 etc.
771 4106 944 4182 explanavit,
961 4105 1066 4165 docens
1081 4104 1222 4178 quomodo
1236 4104 1318 4163 Chri-
1351 4179 1355 4185 ῃ

145 4216 208 4270 stus
223 4207 368 4295 prioribus
383 4211 478 4272 uerbis
493 4189 745 4287 apostolos'amice
761 4214 930 4273 adhortatus
945 4211 983 4270 sit
996 4212 1026 4269 in
1045 4210 1228 4269 similitudine
1242 4211 1318 4282 vitis,

146 4321 177 4375 et
190 4320 224 4374 ut
242 4314 273 4373 in
293 4317 357 4390 ipso
370 4321 527 4377 manerent
545 4333 579 4375 ac
598 4312 722 4377 fructum
743 4319 776 4379 in
795 4336 829 4378 ao
849 4318 1025 4399 senectae
1045 4331 1109 4389 qnae
1129 4315 1319 4374 emolumenta

724 4450 739 4485 *
876 4440 881 4445 ,Α

222 4514 487 4583 renuntiatoribus
599 4566 602 4576 .
719 4522 725 4528 ”
