3017 5225
613 449 699 525 ,lor

87 646 147 692 sum
160 617 298 692 amadcm
311 631 473 693 robudbus
487 631 602 692 obviam
616 631 709 692 lamus
723 635 779 692 ait:
796 631 897 706 Quid?
907 647 974 694 num
988 651 1040 707 vos
1052 635 1184 709 querelas
1199 636 1251 696 ao.

87 734 263 798 feminilem
276 741 373 797 animo
387 741 544 798 statueram
558 739 621 811 ipsc
634 755 691 811 ego
699 737 780 798 vobis
795 740 903 811 scripta
918 739 1063 814 exbibete,
1078 746 1193 814 quantis
1208 745 1251 800 in-

84 844 164 916 jnriis
185 841 293 902 subditi
315 845 449 911 nostris
468 843 620 904 comitibus
641 842 820 915 afficiantur;
842 848 873 903 et
893 845 971 916 quod
991 861 1039 904 me
1059 847 1133 906 male
1155 846 1252 920 haba,

88 965 155 1007 uxor
174 951 317 1021 praeterea
336 949 450 1008 comitis
464 947 597 1008 Wolradi
616 949 816 1008 contumacius·
829 949 870 1008 ad
890 965 976 1016 meos,
988 949 1168 1010 consiliarios
1187 967 1252 1023 per·
1284 978 1289 984 ·

32 1037 35 1042 ’
88 1054 205 1126 scripsit.
244 1051 303 1112 Sed
324 1051 435 1128 modo,
448 1054 557 1141 iuquit,
579 1051 617 1112 de
638 1052 684 1111 bis
706 1053 794 1112 bone
816 1053 913 1114 dicero
936 1071 993 1114 non
1015 1059 1111 1128 vacat,
1135 1054 1254 1127 posthac

88 1161 177 1216 omnia
191 1157 273 1217 robis
291 1157 414 1232 legenda
433 1156 583 1219 exhibebo.
620 1154 694 1216 liam
714 1162 779 1218 erat
798 1160 895 1218 nendo
915 1175 971 1234 quo
991 1161 1131 1220 abiturus.
1162 1159 1254 1222 lussit

88 1263 171 1337 initur
188 1259 285 1321 eomes
306 1279 325 1323 a
345 1263 461 1324 Nassau
480 1277 533 1335 per
552 1261 689 1323 Lindiam
710 1264 829 1322 comites
848 1263 1021 1324 aWaldeck
1040 1265 1079 1324 ad
1100 1264 1253 1338 prandium

88 1368 172 1440 ipsias
193 1371 307 1443 uenire,
330 1367 473 1442 audituri,
497 1366 567 1442 qnid
580 1368 762 1440 -rasponsia
784 1366 953 1428 coloniense
975 1370 1152 1443 acceperint,
1176 1369 1254 1443 quod

90 1470 232 1535 attactum
246 1472 301 1532 est.
331 1474 465 1532 lrritatos
480 1476 526 1531 cst
540 1476 636 1531 annm
650 1469 797 1531 Adrianus
817 1489 834 1532 a
854 1473 976 1532 Zertzen
996 1473 1033 1534 ob
1052 1477 1252 1548 contemptum,

90 1581 119 1636 ut
130 1577 189 1649 ipse
203 1558 317 1654 ajebat,
340 1578 439 1638 uxoris
453 1574 506 1636 tilii
520 1579 566 1638 sui
578 1576 749 1636 Harmauni.
769 1635 772 1641 ,
826 1653 830 1660 ι

172 1680 276 1742 &mes
290 1677 460 1744 wilhelmus
474 1697 493 1741 a
507 1681 625 1742 Nassan
646 1682 706 1754 iaus
726 1681 787 1756 agit
801 1683 894 1742 atatis
910 1697 968 1742 sna
989 1699 1095 1744 annum
1109 1683 1253 1758 sexagesi-

91 1801 159 1844 mum
174 1773 332 1847 secundnm
346 1793 378 1847 et
395 1785 450 1846 luit
464 1802 604 1847 annornm
617 1785 726 1860 decem,
741 1784 809 1846 dum
823 1787 961 1848 incolam
977 1788 1115 1849 Ludouici
1130 1786 1256 1848 Palatini

92 1889 218 1952 nands
231 1891 392 1951 deveniret.
1249 1945 1251 1954 ,

173 1996 296 2056 (lentum
310 1996 400 2058 libras
414 1998 497 2073 cupri
511 2011 563 2057 sex
576 1993 695 2055 titularis
710 1995 809 2055 uenire
824 1995 924 2056 cadam
939 2011 958 2054 a
972 1993 1178 2056 mercatoribus
1194 1997 1255 2069 ejus

92 2103 192 2162 mandi
204 2103 377 2177 necopinus.
421 2101 571 2162 Pedicatus
598 2103 772 2160 casariamus
792 2100 901 2160 civitati
915 2100 1007 2160 Ulmae
1029 2115 1134 2173 magna
1148 2101 1253 2170 incom-

92 2207 170 2268 noda
181 2205 294 2268 inierre
307 2207 421 2267 dicitnr.
452 2207 597 2267 ¹Civitates
612 2206 698 2266 Ulma
712 2211 743 2264 et
754 2205 888 2292 Angusta
910 2220 974 2264 eum
995 2201 1142 2264 cardinale
1156 2204 1254 2278 Auga-

20 2352 21 2361 .
92 2317 169 2372 atauo
181 2314 212 2372 in
222 2314 282 2374 boc
288 2317 495 2387 conuenerunt,
504 2317 538 2373 nt
545 2308 785 2370 circumforaneos
801 2314 831 2370 ct
843 2310 949 2383 passim
965 2310 1136 2368 cursitantes
1150 2307 1254 2367 milites

91 2419 277 2491 agricolarum
292 2399 460 2491 &guinem
474 2423 639 2493 cingentes,
655 2418 689 2474 ui
699 2415 823 2490 principi
843 2416 928 2480 adoni
947 2413 1055 2474 addicti
1074 2415 1131 2473 sint
1145 2414 1253 2488 stipen-

93 2522 137 2582 dia
148 2524 290 2598 merituri,
304 2529 334 2582 at
346 2523 378 2583 in
392 2523 451 2582 suis
465 2522 598 2583 dominiis
613 2521 756 2596 expoliari
771 2526 800 2580 et
814 2518 885 2580 caedi
899 2520 1003 2592 ubique
1018 2517 1178 2596 admittant.
1250 2504 1253 2511 ’

171 2629 360 2689 Atrebatensi
377 2629 515 2702 scriptum
534 2627 765 2701 supplicationis,
795 2631 882 2701 prout
897 2631 1105 2697 statueramus,
1130 2626 1256 2685 nondum

92 2731 212 2794 obiamm
225 2738 283 2794 est.
307 2731 409 2793 comas
425 2731 585 2794 Samuelis
599 2748 650 2791 rus
664 2732 786 2806 abierat,
811 2746 901 2807 quare
915 2730 1062 2790 nobiscnm
1077 2729 1155 2804 apud
1169 2730 1255 2789 comi·

94 2843 146 2897 mm
159 2838 198 2897 ab
209 2840 354 2898 Anaxom
369 2853 426 2896 non
442 2842 487 2897 est
500 2852 632 2910 pransus.

172 2943 285 3003 Eadem
308 2942 409 3004 Iberos
429 2957 482 3017 pro
504 2956 605 3003 eorum
628 2956 708 3001 mora
727 2942 795 3017 pilae
818 2941 884 3001 lanu
905 2958 937 3002 se
952 2940 1110 3007 exercitare
1125 2927 1256 3000 uidimus.

93 3048 160 3109 Sunt
169 3048 273 3111 autam
288 3051 354 3124 pilae
369 3066 468 3124 eorum
481 3049 604 3109 diversa
619 3064 638 3107 a
652 3050 775 3124 nmtris,
784 3061 850 3107 uam
865 3047 942 3121 globi
957 3047 1079 3121 acrisoni
1094 3049 1161 3105 sunt
1170 3046 1257 3118 justae

93 3157 293 3231 magnitudinis
306 3162 421 3217 nutum
434 3172 487 3229 par
500 3152 626 3215 fistulam
639 3159 728 3225 uento
741 3150 841 3211 inflato
856 3156 1008 3211 tumentes.

173 3254 377 3324 Ferdiuaudus
387 3277 440 3325 rex
451 3260 575 3321 statibus
588 3259 700 3333 imperii
709 3257 848 3316 nonnulla
857 3257 887 3313 in
902 3256 986 3314 domo
999 3254 1145 3314 senatoria
1154 3268 1258 3325 propo·

94 3366 154 3441 suit,
168 3356 288 3441 scilieet,
305 3367 374 3441 quia
388 3366 418 3425 in
431 3347 561 3425 terminis
576 3370 606 3441 et
619 3360 779 3449 confinibus
795 3360 954 3431 Turcarum
973 3372 1126 3432 regnorum
1142 3346 1258 3416 snorum
1364 3386 1367 3395 .

94 3476 123 3531 ot
135 3473 165 3531 in
177 3453 301 3547 Vienna,
312 3472 476 3537 ‚Pannonia
491 3476 522 3530 et
534 3471 598 3530 aliis
612 3470 683 3529 locis
692 3466 743 3534 ,ad
757 3463 892 3525 tuendam
907 3465 1052 3523 nationem
1067 3460 1258 3535 germanicam

94 3580 122 3637 ct
135 3571 242 3637 Tarcas
258 3594 278 3635 a
297 3577 454 3637 christiano
478 3575 548 3636 orbo
570 3574 682 3634 cs..hac
705 3560 790 3647 parte
810 3571 949 3631 arcendos
969 3569 1142 3627 munitiones
1165 3566 1259 3626 extrui

95 3691 195 3756 magno
208 3680 508 3756 snorum‘dispondio,
531 3690 653 3755 quorum
667 3684 796 3753 sumptus
812 3682 936 3751 quatuor
949 3674 1085 3735 miriades
1101 3674 1164 3733 anri
1178 3689 1260 3733 exae-

95 3785 201 3861 dcrent,
214 3767 372 3848 ¹corroserit.
404 3786 477 3849 Itcm
491 3770 783 3859 haereditaria-regna
798 3789 827 3845 et
845 3783 965 3843 ducatos
979 3782 1068 3855 ipsius
1083 3780 1157 3839 adeo
1172 3780 1260 3865 conti·
1313 3844 1317 3849 ,

96 3893 155 3952 uuis
170 3891 332 3953 ancarum
345 3891 512 3952 excursibus
526 3896 558 3955 ot
575 3880 827 3951 emundationibus
838 3889 995 3963 exagitari,
1026 3892 1058 3945 ut
1072 3888 1120 3945 rix
1134 3889 1262 3960 unquam

96 3997 148 4059 illis
160 3975 308 4071 respirare
322 3996 416 4057 detur.
438 3996 485 4057 Ad
500 3997 562 4055 bac
575 3996 707 4055 inducias
721 3994 949 4070 quinquennales
959 3993 1034 4051 inter
1043 3990 1195 4050 Turcicum
1209 3990 1260 4073 ins-

96 4109 256 4175 potatorem
274 4095 471 4164 ascensorem
489 4117 524 4161 ac
543 4101 759 4161 llerdinandum
782 4100 991 4172 intercessisse,
1023 4098 1102 4170 cnjm
1123 4097 1261 4168 temporis

96 4209 152 4265 tres
163 4209 225 4281 jaro
239 4223 314 4282 pene
324 4207 397 4268 *anui
413 4207 504 4281 elapsi
518 4206 585 4266 sint.
612 4198 667 4265 Vix
681 4206 814 4280 igitur'in
828 4194 946 4277 reliquis
956 4202 1158 4263 duobusannis
1170 4218 1260 4275 appa·

96 4316 187 4371 ratum
199 4312 448 4387 bellirecoperari
471 4328 565 4387 posse.
603 4313 718 4386 Rogare
739 4311 829 4384 igitur
847 4306 1025 4383 majestatem
1047 4323 1204 4380 suam-quo
1224 4306 1262 4365 ad

96 4394 277 4477 resarcienda
296 4417 359 4477 liaec
378 4417 556 4478 incommoda
577 4421 607 4477 et
627 4413 858 4490 praeveniendam
879 4412 1039 4472 'Parcarum
1061 4412 1261 4472 truculentiam

99 4526 188 4583 datos
201 4524 446 4596 imperii-summa
466 4523 564 4599 aliqua
582 4520 763 4597 pecuniaria,
786 4534 850 4592 quae
866 4518 1007 4577 tamenin
1022 4532 1124 4577 nervos
1138 4516 1207 4576 belli
1220 4514 1262 4583 ia·
