3017 5225
740 432 808 500 204

231 630 233 641 ’
278 618 421 680 ioannem
442 598 526 679 notis
546 632 565 677 a
588 614 709 692 pedibas
730 615 890 678 sehonetad
912 618 979 691 post
997 619 1112 690 tergum
1126 615 1254 691 reliquit,
1267 616 1319 691 qui
1332 621 1369 677 et

191 723 255 797 ipse
269 721 382 804 litteras
397 738 413 781 e
428 724 524 797 patria
538 727 638 783 nostra
652 720 756 782 adfert.
787 720 858 783 dud
868 721 922 783 der
935 722 1041 783 Donau
1054 738 1092 780 zu
1106 720 1222 781 Werdt.
1232 722 1293 782 Hat
1306 722 1367 781 mir

189 826 261 888 Gott
274 831 343 902 gute
358 832 481 887 antuort
495 815 646 887 besohertss
1209 825 1212 830 ’

279 948 335 991 xxv
354 932 434 993 iunii
449 932 567 992 Werdae
586 933 663 992 intra
684 932 814 1005 quintam
834 937 864 991 et
890 938 1001 993 sextam
1023 932 1111 991 horas
1132 930 1209 990 idem
1230 932 1280 1004 qni
1298 931 1366 992 heri

190 1044 257 1098 aute
271 1036 419 1097 meridiem
434 1036 665 1111 oonoionabatur,
682 1053 717 1096 ex
732 1053 793 1110 oap.
813 1040 831 1095 6
846 1037 934 1097 Lucae
948 1038 1011 1097 heo
1024 1036 1114 1097 verba
1127 1017 1210 1109 legit:
1227 1037 1363 1121 »Verunf

189 1146 295 1217 nmen,
305 1123 362 1203 ‘ve
378 1142 459 1203 roos
474 1141 623 1216 nessus,
640 1143 689 1216 qn
704 1141 817 1201 oseem
830 1143 1055 1203 memnonem
1068 1145 1206 1215 vasam,
1221 1157 1266 1199 ιω
1280 1142 1365 1201 vose

190 1246 241 1321 qni
254 1247 375 1307 saturati
391 1248 467 1320 estis,
479 1246 553 1323 ,qno
566 1248 713 1319 esurietis,
736 1263 782 1305 ιιι
796 1248 891 1321 robis,
913 1248 964 1321 qni
977 1246 1080 1313 ridetis
1094 1261 1180 1320 nuno,
1195 1246 1264 1319 quia
1277 1246 1362 1320 luge-

189 1352 257 1413 bitis
273 1356 303 1413 et
316 1350 430 1424 flebitis,
446 1367 490 1409 ιιι
504 1352 600 1427 vobis,
617 1368 681 1418 tum
695 1352 878 1414 laudaverint
892 1369 943 1413 vos
959 1368 1057 1412 omnes
1071 1351 1209 1411 homines.
1249 1350 1358 1411 Secun-

189 1456 258 1517 dum
277 1458 339 1517 haee
354 1456 429 1517 enirn
443 1454 588 1521 iaciebant
602 1456 861 1532 pseudoprophetis
875 1464 974 1532 potres
989 1474 1109 1517 eorum«
1124 1461 1179 1517 eto.
1203 1456 1299 1530 Soitis,
1316 1456 1361 1541 in-

191 1563 263 1637 quit,
279 1562 420 1637 duplicem
435 1578 517 1622 usnrn
532 1577 595 1621 esse
610 1577 757 1622 sacrarum
770 1562 943 1637 litterarum,
957 1568 1009 1623 aut
1022 1562 1167 1636 dupiioem
1178 1567 1278 1621 earnm
1291 1578 1363 1637 ope-

190 1668 339 1729 rationem.
360 1666 492 1725 ·Primns
515 1671 573 1741 est,
599 1673 632 1726 ut
650 1665 784 1727 iaeienda
805 1671 835 1725 et
854 1667 1013 1728 omittenda
1025 1668 1146 1741 doceat,
1171 1668 1291 1727 Roman
1311 1669 1363 1726 15.

191 1772 274 1833 Alter
288 1777 321 1831 ut
335 1778 460 1846 moneat,
476 1788 495 1831 a
509 1762 610 1845 unibus
627 1771 708 1831 nobis
723 1786 877 1831 careamus
886 1778 940 1832 ete.
963 1773 1008 1832 De
1022 1771 1253 1847 praeoedentdrus
1266 1772 1298 1831 in
1312 1790 1363 1832 ex·

189 1876 331 1953 positione
346 1878 477 1951 proxima
491 1876 651 1952 audivistis,
668 1876 812 1950 quomodo
826 1878 982 1951 discipulos
1002 1878 1041 1937 ad
1059 1879 1213 1937 instantem
1226 1892 1363 1964 perseeu-

190 1983 296 2043 tionem
312 1982 445 2043 dominns
465 1983 671 2043 eommonuerit
689 1986 719 2041 et
739 1982 945 2043 beatitudinem
964 1983 1039 2046 hano
1053 1984 1233 2058 paupertatis
1250 1983 1365 2043 nonde

188 2102 275 2161 opum
290 2088 427 2163 carentia,
443 2086 492 2147 sed
509 2087 546 2147 de
562 2086 678 2161 spiritus
693 2086 881 2149 submissione
895 2087 1027 2163 intelligi.
1051 2088 1100 2147 Sia
1114 2098 1230 2161 quoque
1243 2088 1291 2146 hio
1304 2068 1364 2147 non

191 2192 228 2253 de
243 2194 312 2253 solis
327 2192 463 2255 nunnus
481 2193 565 2267 juxta
585 2209 688 2253 nomen
710 2192 851 2267 loquitur,
872 2193 924 2252 sed
944 2198 974 2253 et
994 2194 1031 2253 de
1053 2193 1163 2252 seem-is
1185 2197 1216 2251 et
1229 2192 1362 2267 superbis

189 2298 294 2372 spiritu
307 2304 361 2357 eto.
386 2298 445 2357 Sed
459 2297 616 2370 videamus,
632 2298 733 2370 inquit,
750 2297 813 2355 haee
826 2302 959 2372 quatuor.
990 2299 1120 2358 Primum
1134 2314 1179 2357 rm
1193 2296 1274 2357 vobis
1282 2298 1362 2357 'diri-

189 2402 275 2463 tibus.
299 2402 409 2463 Vooula
424 2418 477 2475 re,
494 2400 610 2461 evidens
625 2418 818 2461 arumnorum
833 2408 863 2462 et
876 2403 1047 2477 perditionis
1061 2403 1244 2463 comminatio
1259 2408 1313 2478 est,
1329 2409 1364 2463 ut

188 2506 296 2581 passim
319 2507 349 2564 in
369 2508 518 2583 seripturis
538 2506 636 2565 ridere
658 2497 725 2567 nist
744 2514 798 2577 ete.
838 2509 914 2581 Quia
932 2507 979 2569 hie
997 2484 1222 2569 consolationem
1236 2512 1363 2567 vestram

188 2610 301 2671 habetis
317 2616 371 2672 ete.
396 2610 462 2670 Non
478 2612 554 2685 quod
569 2608 631 2672 esse
647 2610 764 2672 divitem
779 2621 929 2688 peecatum
943 2615 989 2688 sit,
1012 2631 1078 2674 onm
1091 2615 1174 2674 multi
1188 2615 1363 2689 patriarehae

188 2717 345 2792 Abraham,
361 2717 452 2791 Isaeo,
467 2717 545 2778 Hiob
560 2731 613 2778 nee
627 2732 685 2776 non
701 2727 730 2777 et
745 2717 821 2778 Loth
845 2719 961 2778 divitias
974 2718 1173 2792 possederunt,
1210 2717 1263 2778 sed
1284 2719 1364 2792 quod

189 2822 293 2883 divites
308 2825 403 2883 animo
418 2823 487 2882 elati
502 2823 593 2883 solnm
608 2838 775 2883 mammonae
799 2823 979 2884 adherentes
994 2830 1025 2884 et
1037 2825 1120 2884 donis
1132 2823 1180 2883 dei
1192 2822 1361 2897 abutuntur,

189 2927 327 3002 neglectis
344 2927 431 2987 verbo
455 2928 502 2987 dei
517 2933 547 2987 et
560 2929 744 3002 pauperibus,
768 2934 799 2987 et
820 2946 949 2989 normam
964 2929 1100 2989 Doridis:
1125 2928 1262 2988 »Divitia
1277 2930 1302 2986 si
1317 2926 1361 2988 ai·

189 3031 292 3106 dunat,
308 3033 396 3092 nolite
411 3047 653 3107 eorapponere«,
670 3049 727 3091 non
742 3039 911 3106 sequnntur.
943 3036 1018 3094 Nam
1031 3034 1078 3093 ιιι
1092 3038 1161 3094 sunt
1174 3034 1273 3108 spinae,
1289 3049 1363 3108 quas

189 3138 321 3199 dominus
336 3136 410 3197 dixit
423 3135 562 3198 sudooare
578 3153 683 3212 semen,
700 3154 736 3196 ne
752 3143 899 3200 exoriatur
918 3146 949 3200 et
967 3140 1092 3201 frustm
1105 3137 1189 3204 ierat
1226 3139 1267 3199 iit
1281 3138 1360 3198 simi·

187 3243 255 3304 liter
278 3243 407 3302 dominns
428 3244 483 3318 ait,
514 3242 626 3303 iaoilins
653 3259 715 3304 esse
739 3245 879 3305 oameiuru
903 3263 957 3320 per
979 3245 1109 3307 foramen
1132 3221 1205 3314 nous,
1224 3248 1359 3320 mensim,

188 3353 274 3423 quam
289 3348 407 3409 divitem
421 3351 452 3408 in
467 3361 588 3423 regnum
603 3349 741 3409 emiorum
756 3351 875 3410 intrare.
897 3352 1015 3412 Habent
1028 3359 1125 3412 autem
1139 3340 1243 3412 divites
1256 3367 1362 3411 aurum

188 3460 270 3514 stum
285 3447 314 3514 et
329 3455 483 3514 amicorum
498 3455 707 3516 multitudinem
724 3461 780 3516 ete.
809 3456 987 3518 volentibus
1006 3463 1103 3517 autem
1121 3458 1204 3518 uobis
1226 3473 1274 3531 ea,
1295 3473 1361 3530 quoe

187 3562 218 3618 in
237 3560 376 3622 memoria
397 3559 581 3632 tenebamus,
603 3559 650 3618 hie
669 3560 828 3635 ascribere,
850 3563 930 3620 venit
943 3562 1071 3622 Joannes
1086 3561 1239 3636 (innotans
1261 3561 1361 3622 dioens

188 3663 265 3737 quod
279 3678 346 3722 mox
360 3679 379 3722 a
393 3663 530 3722 cendone
545 3663 721 3724 Werdenses
736 3665 984 3726 concionatoribus
999 3667 1059 3724 suis
1073 3669 1183 3740 gratias
1197 3668 1313 3741 egerint
1325 3685 1362 3728 ae

173 3767 302 3828 reniam
316 3765 441 3828 abeundi
457 3769 660 3827 concesserint.
699 3769 723 3828 0
739 3752 823 3828 triste
838 3776 868 3830 et
883 3770 1013 3830 omnibus
1032 3771 1136 3830 seonlis
1151 3771 1361 3847 deplorandum

187 3872 334 3932 ιιιιιιιιιιιι
373 3873 433 3946 Vre,
450 3889 503 3946 ure,
519 3886 562 3932 ve
577 3874 716 3949 omnibus,
733 3876 784 3948 qui
797 3867 899 3934 horum
913 3876 1098 3935 eonsiliorum
1112 3867 1266 3952 participes
1281 3884 1360 3953 sunt

171 3983 217 4036 *et
231 3973 337 4038 bonum
351 3968 421 4036 mihi
435 3977 520 4058 duoo,
535 3980 613 4053 quod
629 3979 700 4038 dens
719 3980 993 4064 pertremendum
1011 3981 1068 4042 viri
1078 3982 1244 4043 oonoionem
1258 3983 1361 4042 audire

186 4083 307 4157 largitos
323 4083 369 4142 sit.
392 4083 438 4142 En
454 4080 552 4144 roeaui
566 4069 711 4144 hominem
725 4083 765 4144 ad
774 4084 937 4165 prandium.
959 4086 999 4144 Et
1013 4066 1277 4161 interoonoionem,
1292 4069 1360 4161 quae

186 4191 269 4246 sexta
283 4184 365 4246 finita
380 4193 452 4260 erat,
476 4193 506 4247 et
521 4187 698 4248 undecimam
711 4189 777 4247 haee
790 4191 974 4250 intercidunt.
998 4191 1196 4264 Sperabantur
1210 4197 1308 4252 antem
1321 4193 1360 4252 de

186 4308 274 4351 manu
290 4290 396 4351 domini
409 4292 548 4375 ,meliora
561 4293 661 4352 Bonus
675 4293 722 4352 hie
736 4301 767 4352 et
781 4293 892 4367 doetus,
912 4294 994 4367 quasi
1008 4295 1119 4354 animos
1134 4295 1205 4367 quid
1219 4297 1361 4368 ejusmodi

185 4397 365 4474 praesagiret,
382 4397 461 4456 inter,
473 4397 698 4458 concionandum
714 4399 797 4472 dixit,
812 4379 916 4458 diuites
931 4401 1027 4458 omnia
1039 4396 1079 4459 ad
1093 4415 1174 4474 opes,
1196 4389 1360 4474 voluptates

187 4509 218 4564 et
232 4518 336 4576 nomen
349 4503 454 4563 boumn
469 4501 529 4560 sive
544 4517 600 4576 per
611 4499 655 4564 fas
667 4503 728 4563 siue
743 4500 824 4565 nefas
839 4503 1071 4580 consequendum
1085 4502 1223 4565 referunt
1229 4509 1260 4568 et
1274 4505 1359 4580 duna
