3017 5225
741 381 787 446 88

178 570 311 631 demant
335 565 487 639 liberum,
504 565 605 640 inquit,
621 565 675 625 tibi
689 571 748 639 est,
765 565 829 623 Deo
843 550 987 640 hebraice,
1004 581 1105 639 grrece,
1122 562 1223 642 gallice
1238 561 1361 622 etesia

178 677 237 748 qui,
254 676 279 732 is
294 676 369 732 errim
388 688 471 731 omne
488 670 595 729 idioma
609 670 752 744 intelligit.
777 670 876 745 Longe
889 676 985 730 autem
995 669 1074 730 aliud
1089 675 1141 744 est,
1158 685 1221 728 cum
1236 667 1350 726 bomine

177 780 338 855 peregrinae
357 779 463 852 linguae
483 777 586 850 ignaro
607 773 686 849 loqui
708 780 737 833 et
763 775 840 833 hunc
858 756 1024 850 instituere,
1053 759 1178 850 'exempli
1198 775 1303 848 gratia
1326 774 1351 830 si

178 883 365 943 scholasticus
386 897 496 960 nonex
510 865 587 939 omni
602 895 731 950 sermone
743 881 931 954 praeceptoris
947 882 991 938 sui
1002 881 1142 940 eruditior
1157 878 1261 938 evadit.
1277 879 1350 938 Nam

178 990 203 1046 si
218 992 380 1062 praeceptor
395 1003 465 1046 >curn
488 1001 579 1044 uxore
602 986 721 1057 propria
734 989 792 1047 ‚aut
812 983 920 1045 familia
940 983 1152 1056 confabuletur,
1173 983 1205 1041 id
1229 983 1300 1040 nihil
1316 981 1353 1042 ad

178 1095 310 1168 discipuli
330 1093 538 1152 institutionem
560 1089 644 1164 iacit,
670 1089 721 1148 sed
735 1089 891 1164 discipulus
907 1106 944 1148 ex
959 1106 993 1149 eo
1009 1104 1154 1160 sermone,
1177 1104 1263 1160 quern
1278 1104 1352 1162 prse-

179 1188 278 1274 ceptor
298 1199 337 1257 ad
356 1199 423 1270 ejus
441 1198 554 1270 captum
575 1195 771 1254 accommodat
793 1199 822 1252 et
845 1195 1016 1269 propriead
1030 1193 1061 1270 id
1075 1193 1207 1267 instituit,
1232 1193 1353 1266 peritior

178 1303 220 1362 fit.
259 1301 391 1368 Indicans
412 1302 530 1374 insuper
552 1298 695 1373 quomodo
711 1299 876 1386 'genuinum
900 1301 1050 1374 scripturae
1067 1292 1192 1382 [verbum
1212 1298 1353 1357 hactenus

178 1407 361 1483 profligatum
375 1403 472 1478 fuerit,
487 1409 518 1461 et
531 1405 616 1476 hujus
630 1405 693 1462 loco
710 1404 822 1477 Scotus,
839 1400 976 1479 ThomaS,
1000 1384 1142 1478 seraphici
1158 1403 1299 1475 doctores,
1324 1407 1354 1460 et

179 1482 397 1586 sipnid'hujus
419 1511 476 1568 albi
495 1510 624 1568 homines
643 1514 809 1583 suggestum
831 1514 1017 1594 occuparunt.
1057 1508 1117 1567 Sibi
1142 1512 1236 1566 autem
1259 1507 1355 1568 videri

177 1616 362 1698 Germaniam
376 1631 438 1688 prae
453 1615 557 1672 ceteris
572 1613 734 1672 nationibus
749 1613 848 1672 bacin
863 1631 895 1688 re
910 1613 1118 1674 infoeliciorem.
1148 1612 1223 1670 Nam
1232 1617 1353 1686 postea·

155 1785 159 1789 Α
180 1738 265 1797 quam
285 1720 378 1795 primo
394 1719 501 1777 Christi
520 1716 591 1777 fides
614 1718 767 1791 praedicari
787 1720 888 1792 coepit,
914 1719 1036 1793 apostoli
1056 1724 1092 1777 et
1107 1719 1207 1804 quiex
1221 1719 1354 1778 Hebraeis

179 1825 265 1884 fidem
280 1817 504 1897 annunciarent,
522 1823 651 1897 hebraea,
667 1827 767 1898 utpote
775 1810 848 1897 sua,
874 1824 973 1897 lingna
987 1825 1018 1881 in
1034 1822 1251 1882 sermocinando
1267 1829 1297 1880 et
1310 1804 1352 1882 lo-

180 1930 296 2006 quendo
317 1930 361 1986 usi
381 1935 461 2000 sant,
494 1943 578 2002 eave,
604 1945 662 2002 qua
683 1928 740 1986 illis
762 1935 826 1988 erat
845 1930 951 1988 nativa.
991 1927 1049 1988 Ubi
1065 1921 1158 1987 Graeci
1180 1931 1354 2000 receperunt

179 2034 377 2108 Evangelium,
394 2048 488 2106 graeco
502 2049 554 2092 suo
564 2014 710 2110 idiomate,
726 2033 803 2106 quod
816 2033 872 2092 illis
884 2035 1012 2116 nativum
1026 2038 1098 2104 erat,
1115 2034 1159 2090 usi
1175 2037 1250 2090 sunt.
1275 2030 1354 2089 Dum

168 2143 279 2202 aona
293 2139 446 2215 praedicari
461 2143 586 2212 coeptum
602 2146 661 2212 est,
684 2141 715 2197 in
738 2141 808 2198 latio
829 2155 960 2222 sermone
984 2137 1155 2198 cantabatur
1170 2141 1199 2194 et
1214 2137 1354 2211 praedica·

179 2249 273 2309 batur.
299 2246 437 2305 Omnibus
452 2245 527 2302 enim
542 2247 655 2301 constat
673 2245 820 2318 vulgarem
844 2261 1002 2304 sermonem
1025 2245 1056 2303 id
1069 2243 1209 2318 xtemporis
1225 2242 1355 2300 initalia

179 2355 280 2412 latium
302 2352 362 2408 sire
384 2350 504 2409 latinum
526 2345 622 2405 fuisse.
660 2347 701 2406 Et
719 2348 834 2408 duravit
859 2349 889 2407 id
904 2365 1018 2423 quoque
1034 2355 1051 2408 a
1067 2349 1161 2422 prima
1179 2347 1303 2426 ecclepia
1318 2345 1356 2404 ad

180 2472 272 2529 pauca
287 2455 391 2514 abhinc
406 2469 497 2526 usque
512 2457 653 2526 tempora.
682 2453 798 2512 Misenis
815 2455 1050 2534 vero=Germanis
1066 2456 1190 2528 psalmos
1205 2469 1311 2512 canere
1326 2457 1356 2510 et

180 2574 264 2618 sacra
278 2558 426 2626 celebrare
438 2558 468 2615 in
480 2562 579 2617 nostra
590 2556 688 2631 lingue
700 2574 759 2618 non
769 2536 957 2634 'pennittitun
973 2575 1036 2619 cum
1052 2562 1149 2617 tamen
1160 2557 1355 2617 Tertullianus

181 2669 211 2722 et
217 2663 395 2737 Augustinus
409 2663 439 2720 in
448 2663 582 2737 Hippone
591 2663 650 2721 Sua
663 2664 693 2721 in
708 2664 798 2736 africo
813 2664 946 2738 idiomate
961 2666 1087 2737 psalmos
1102 2645 1260 2738 cantarint,
1277 2663 1355 2736 quod

181 2756 272 2827 v'elex
282 2782 316 2825 eo
325 2772 415 2841 petet,
430 2767 509 2841 quod
517 2767 625 2826 vicibus
633 2768 743 2841 aliquot
752 2770 898 2850 populum,
915 2759 983 2826 curn¹
989 2766 1087 2829 floruit
1096 2770 1127 2827 in
1139 2768 1262 2841 quodam
1277 2770 1353 2843 psal-

181 2888 228 2931 mo
237 2876 361 2944 caneret,
379 2878 412 2930 ut
424 2868 539 2930 florebit
548 2877 699 2931 cantarent
707 2876 819 2933 monuit
830 2881 883 2934 etc.
907 2874 960 2933 His
973 2876 1106 2947 opposuit
1120 2849 1299 2955 papistarnrn
1311 2878 1353 2933 in-

180 2979 248 3036 ania
260 2992 407 3034 murmura
422 2983 452 3035 et
464 2993 521 3035 non
533 2978 692 3037 intellectas
703 2996 796 3053 voces,
812 2978 847 3039 de
862 2980 964 3052 quibus
976 2980 1135 3050 luculenter
1151 2978 1287 3051 disseruit
1301 2985 1353 3039 etc.

183 3082 320 3157 Superius
335 3086 445 3155 numm,
469 3082 518 3141 ubi
539 3083 576 3143 de
597 3083 738 3143 munditia
757 3086 953 3158 apostolorum
970 3086 1084 3145 dicebat
1099 3085 1244 3150 Christum
1255 3089 1289 3152 ,ct
1301 3100 1355 3159 per

182 3186 305 3260 figuram
320 3189 472 3273 locutionis
487 3206 536 3247 eos
551 3190 713 3268 appellasse
728 3182 868 3270 mundos,
887 3192 935 3263 qui
956 3207 1051 3273 secum
1072 3191 1168 3251 animo
1183 3190 1354 3261 recolerent,

182 3308 247 3373 quae
262 3292 318 3351 illis
330 3292 460 3352 Christus
470 3295 607 3359 hactenus
618 3273 745 3369 dirisset,
764 3299 871 3370 quanta
884 3297 1061 3370 accepissent
1077 3300 1106 3354 et
1121 3312 1185 3367 quse
1201 3294 1295 3353 adhuc
1310 3310 1354 3354 ac-

182 3399 294 3475 cepturi
314 3404 424 3473 essent,
446 3400 471 3458 si
494 3401 584 3459 verba
605 3395 666 3473 eju's
689 3400 832 3460 audierint
854 3402 922 3459 etsi
938 3416 972 3459 eo
988 3415 1019 3459 se
1035 3401 1139 3474 dignos
1155 3405 1271 3492 gerant,
1307 3398 1356 3469 Ait

182 3506 257 3563 enim
279 3504 356 3562 hunc
375 3494 485 3563 morem
504 3490 590 3563 etiam
613 3507 744 3579 apostolo
764 3505 931 3565 familiarem
957 3521 1036 3579 esse,
1060 3511 1176 3588 utacum
1200 3506 1354 3565 admonere

181 3603 249 3681 suos
263 3625 323 3667 snae
338 3610 496 3667 vocationis
511 3611 607 3683 vellet,
634 3611 755 3670 diceret:
781 3611 879 3695 Sancti
895 3598 972 3683 estis,
989 3610 1079 3669 abluti
1095 3612 1173 3683 estis,
1198 3612 1272 3670 sicut
1286 3618 1317 3687 et
1331 3629 1354 3670 s.

181 3715 286 3786 Petrus
301 3713 386 3771 dicit:
407 3730 458 3772 vos
474 3715 542 3772 estis
558 3730 629 3787 gens
644 3721 753 3788 sancta,
771 3716 868 3789 regale
884 3713 1075 3787 sacerdotium
1091 3720 1157 3789 etc,
1174 3716 1219 3781 his
1235 3698 1355 3778 innuens

183 3823 215 3876 ut
228 3832 368 3904 memores
384 3820 491 3875 nostres
505 3818 536 3874 in'
548 3816 664 3888 ‚Christo
680 3810 849 3885 conditionis
865 3835 988 3881 essemus
1013 3836 1067 3878 nec
1080 3820 1254 3893 ignobilibus
1270 3822 1355 3895 hujus

179 3924 269 3998 seculi
284 3939 338 3987 nos
353 3923 560 4012 immisceamus
570 3929 624 3981 etc.
648 3926 744 3983 Veluti
755 3926 781 3983 si
796 3925 860 3999 quis
870 3916 925 3983 rite
940 3920 979 3983 ad
988 3924 1125 4006 virginem
1142 3927 1232 3991 dicat:
1250 3925 1356 3999 Sancta

182 4034 212 4088 ct
226 4028 332 4104 pudica
347 4044 392 4101 es,
416 4028 499 4100 quasi
517 4029 641 4103 diceret,
664 4046 722 4089 non
741 4037 772 4089 te
796 4031 936 4103 ejusmodi
956 4029 1083 4089 moribus
1097 4054 1099 4061 ¹
1111 4044 1187 4105 esse,
1207 4036 1242 4090 ut
1255 4036 1355 4108 turpes

182 4134 245 4191 istae
258 4131 344 4191 leniae
359 4139 411 4191 ant
424 4134 501 4207 lupae
516 4140 591 4210 sunt,
617 4137 773 4215 convenit„
796 4136 866 4195 Item
883 4141 922 4195 ut
943 4136 1028 4194 alicui
1051 4151 1087 4193 cx
1103 4135 1192 4194 nobili
1207 4116 1356 4196 stemmate

182 4242 252 4296 nato
274 4236 413 4309 ejusmodi
433 4234 536 4297 verbis
549 4240 643 4311 calcar
666 4241 703 4299 ed
722 4241 858 4323 rintutem
882 4225 1165 4314 addere'possemus:
1189 4241 1236 4298 Er
1250 4230 1356 4301 illustri
1386 4268 1389 4273 ’

183 4348 267 4417 natus
282 4358 313 4400 es
326 4344 478 4430 prosapia,
501 4344 583 4404 decet
597 4351 627 4404 te
641 4347 754 4420 generis
769 4348 811 4405 tui
827 4346 913 4404 decus
929 4346 1088 4419 illustrare,
1111 4346 1196 4405 modo
1212 4320 1356 4405 nobilibus

186 4450 266 4506 ortus
286 4447 324 4506 sis
345 4447 497 4533 natalibus.
535 4450 575 4507 Et
594 4450 722 4536 profecto
742 4429 937 4524 maximopere
956 4449 987 4508 id
1006 4446 1143 4523 temporis
1163 4453 1355 4513 necessarium
