3017 5225
731 433 776 498 84

166 616 219 675 sub
232 615 339 690 pedum
361 615 507 688 pastorale
529 617 685 686 renomnt,
706 613 764 673 illis
782 619 895 688 putrem
914 618 1062 688 pastorum
1082 609 1227 674 Christum
1248 613 1339 688 digito

167 721 405 795 demonstrantes,
429 737 467 779 ne
486 719 565 794 Argo
585 721 675 778 multo
697 719 839 778 oculatior
861 725 890 778 et
909 736 1031 805 nequam
1055 720 1173 793 spiritus
1189 735 1241 778 nos
1263 720 1341 803 inter

165 823 240 884 filios
254 823 422 885 diffidentia
442 827 476 884 in
493 825 577 885 devia
592 824 715 885 abducat
728 830 759 885 et
775 821 931 898 discerpat,
963 830 993 883 et
1007 841 1043 884 ne
1059 823 1149 901 (quod
1161 825 1241 897 Deus
1256 841 1338 885 arer-

165 929 221 1006 tat)
237 910 481 1006 longanimitatem
495 932 612 1006 benigni
636 933 727 1005 patris
746 927 987 1004 floccipendentes
1009 944 1158 1002 pereamus
1174 927 1258 1004 fame,
1282 946 1341 990 non

167 1037 283 1112 quidem
297 1039 389 1111 panis,
406 1038 458 1097 sed
473 1036 566 1110 verbi,
594 1052 659 1110 quae
674 1037 799 1094 omnium
821 1038 960 1096 seriarum
976 1041 1004 1094 et
1020 1037 1125 1110 puppis
1141 1041 1170 1094 et
1184 1052 1274 1109 prora
1296 1043 1341 1094 est

167 1148 197 1201 et
210 1143 336 1202 omnium
349 1160 447 1203 rernm
461 1143 586 1226 eversio.-
622 1141 707 1213 Quod
723 1140 826 1214 itaque,
845 1157 943 1200 omnes
958 1142 999 1215 pii
1014 1140 1154 1200 orandum
1170 1139 1286 1216 ducunt,
1310 1140 1348 1228 id

165 1264 300 1322 rogemus
315 1247 468 1306 Dominum
482 1252 515 1305 ut
529 1247 670 1320 largiatur
683 1246 896 1326 pereundum
910 1248 930 1306 J
931 1263 1020 1306 esum.
1146 1223 1150 1232 ’

184 1375 189 1382 ’
255 1351 367 1412 Eadem
379 1352 485 1424 hospiti
499 1353 689 1426 injunximus,
709 1358 742 1411 ut
755 1353 875 1426 siugulis
890 1351 988 1411 liboris
1004 1351 1113 1411 domini
1127 1351 1252 1411 Museuli
1266 1351 1338 1424 pile·

166 1457 214 1518 olo
228 1458 320 1516 nostri
335 1457 449 1516 nomine
463 1458 494 1514 in
507 1457 594 1515 xenia
606 1457 698 1516 daret.

220 1641 223 1647 Ι
255 1563 291 1622 D.
316 1563 444 1621 loannes
472 1562 614 1620 Henricus
642 1561 720 1634 apud
741 1579 765 1620 s.
788 1561 956 1622 Mauritinm
977 1577 1012 1621 ox
1033 1576 1095 1634 cap.
1121 1565 1159 1622 12
1181 1562 1218 1621 ed
1233 1561 1338 1636 Rome·

167 1683 220 1726 nos
241 1667 389 1726 nimirum:
416 1665 568 1726 «Gaudete
581 1683 646 1725 cum
665 1667 870 1741 gaudentibus,
886 1665 1032 1726 decenum
1046 1663 1180 1729 flentibus
1192 1670 1220 1728 i»
1239 1669 1337 1741 expla-

167 1779 366 1942 namt'Eadem
387 1875 498 1918 summo
521 1860 792 1920 mane'Fridericus
812 1861 960 1934 Palatinus
984 1860 1100 1930 elector,
1120 1841 1338 1934 Banadedari,

166 1964 501 2026 Novomarchiamabiit.
995 2046 996 2051 γ

253 2071 384 2131 Vidimus
406 2069 570 2146 magnificas
594 2074 755 2131 snuccuras
783 2069 906 2130 coenobii
928 2069 956 2129 d.
977 2069 1108 2129 Udalrioi
1130 2071 1204 2128 inter
1231 2070 1340 2130 moenia

164 2177 312 2252 Auguste,
328 2177 407 2250 quod
421 2192 479 2236 non
493 2177 578 2251 pauci
592 2179 718 2260 castrum
734 2173 856 2234 (laeseris
878 2176 923 2232 vel
944 2175 1120 2232 civitatulam
1139 2171 1264 2232 futuram
1280 2175 1339 2233 exi-

165 2282 291 2356 stimant
328 2274 399 2340 Fuit
413 2288 510 2345 autem
525 2281 553 2340 d.
569 2279 723 2340 Udalricus
739 2279 866 2353 ejusdem
880 2279 960 2339 urbis
975 2271 1081 2352 praesul
1096 2295 1131 2337 ex
1146 2279 1236 2352 stirpe
1251 2279 1337 2338 eomi-

164 2393 225 2446 tum
249 2388 286 2446 de
308 2386 463 2459 Dillingen.
501 2385 630 2444 Vidimus
650 2386 719 2443 item
739 2383 816 2444 sedes
840 2384 962 2444 ioannis
978 2383 1096 2458 Georgii
1118 2384 1262 2474 Pauperi,
1287 2382 1339 2442 ubi

164 2487 239 2569 forte
254 2489 371 2552 fortuna
386 2490 489 2548 ostium
507 2483 611 2577 domus
625 2485 757 2570 apertum
778 2490 955 2562 reperientes
969 2474 1120 2574 intramus,
1144 2490 1268 2570 hortum,
1280 2505 1348 2566 um·-

164 2596 283 2657 bulacra
297 2601 509 2668 concamerata,
532 2610 633 2657 caveas
647 2593 716 2653 item
731 2569 879 2677 uolucrum
893 2594 1023 2668 undique
1036 2592 1084 2659 filo
1099 2592 1194 2655 ferreo
1209 2595 1339 2656 obtectas

164 2709 195 2763 et
208 2701 391 2776 receptacula
404 2699 526 2760 fontium
540 2701 783 2778 perlustravimus.
806 2702 846 2761 Et
861 2700 943 2774 quod
952 2702 1063 2761 mireris
1079 2700 1117 2759 ad
1132 2683 1273 2760 aedificioli
1289 2717 1337 2759 cu-

129 2888 132 2893 ,
159 2808 276 2881 jusdam
291 2808 386 2867 solare
399 2806 582 2879 horologimn
595 2806 700 2879 parieti
721 2806 867 2881 depictum
889 2822 952 2865 cum
974 2806 1154 2866 lineamentis
1169 2805 1338 2879 horoscopis

163 2928 197 2972 ao
212 2911 321 2971 umbris
343 2912 402 2970 suis
425 2910 535 2974 affabre
556 2914 742 2984 exornatum,
766 2916 874 2985 praeter
895 2911 973 2985 quod
992 2912 1022 2969 in
1042 2910 1137 2974 medio
1151 2909 1213 2969 iere
1228 2911 1339 2986 pariete
1369 2926 1372 2931 ·

163 2999 295 3091 Angusta
308 3008 387 3089 >urbs
409 3021 438 3075 et
459 3017 520 3088 ejus
544 3016 616 3099 situs
636 3015 727 3090 probe
746 3015 890 3075 delineata
913 3020 1041 3076 orantei
1056 2994 1199 3075 omnesin
1214 3014 1338 3075 confinio

162 3119 250 3181 urbes
269 3137 332 3180 cnm
350 3119 514 3181 fluminibus
541 3126 571 3181 et
590 3122 716 3179 emnium
742 3136 857 3194 quoque
877 3119 1059 3194 decursibus,
1091 3120 1193 3199 quibus
1216 3121 1352 3199 singule,

163 3226 309 3300 adjacent3
334 3244 387 3300 per
406 3233 490 3287 notas
505 3227 644 3301 quasdam
656 3230 689 3297 et
703 3226 786 3300 signa
801 3224 992 3297 indicabatur,
1009 3224 1047 3283 ad
1062 3224 1138 3297 quod
1151 3231 1243 3310 terrae¹
1254 3225 1338 3286 clima

163 3346 285 3404 quoequc
299 3331 369 3391 urbs
388 3332 446 3392 situ
466 3350 518 3418 sno
541 3337 673 3407 vergeret
693 3336 723 3390 et
743 3336 814 3403 quot
835 3330 992 3401 miliaribus
1008 3329 1045 3389 ab
1059 3328 1192 3405 Angusta
1206 3328 1337 3389 distaret.

163 3427 382 3510 Opus‘prolecoo
401 3438 449 3497 vel
466 3438 568 3510 Apelle
591 3438 637 3497 vel
657 3434 784 3495 Zeuxide
799 3434 923 3509 dignum.
947 3500 950 3503 ,
964 3437 998 3493 In
1013 3434 1058 3507 his
1073 3433 1184 3493 sedibus
1199 3430 1344 3507 archidux.
1362 3484 1365 3499 i

161 3540 375 3612 Maximilianus
387 3525 484 3626 'verna
502 3543 606 3603 balnea
627 3539 782 3612 habuerat,
808 3542 956 3601 emedicis
975 3541 1105 3602 antidoto
1120 3544 1222 3598 contra
1243 3539 1338 3613 longe

161 3644 347 3717 profectionis
373 3646 535 3720 hispanice·
551 3644 732 3704 incommoda
762 3650 791 3704 et
817 3652 918 3706 contra
948 3645 1145 3704 inconsuetum
1172 3633 1337 3719 adra‘proe-

161 3751 298 3808 munitus.
564 3816 568 3821 ,
789 3740 792 3744 ’
846 3829 851 3836 „
929 3759 933 3761 ·
1125 3825 1126 3831 ¹
1210 3738 1212 3745 ’

249 3854 385 3937 Hoiensis
399 3854 494 3915 scriba
508 3854 580 3913 nihil
594 3853 643 3939 bic
656 3850 797 3928 proficere
813 3834 918 3929 potest.
947 3854 1035 3914 Fiant
1048 3832 1144 3913 tamen
1168 3846 1264 3912 omnia
1283 3868 1337 3930 suo
1363 3835 1366 3839 ⁸

160 3963 299 4036 tempore.
679 3962 683 3967 ’
910 3939 916 3945 ’
1233 3956 1237 3960 ’

103 4067 106 4071 ’
249 4062 380 4137 Vidimus
395 4069 425 4122 et
439 4063 540 4122 eadem
553 4063 584 4121 in
599 4060 745 4121 suburbiis
760 4063 936 4136 Augustanis
952 4079 1051 4124 versus
1074 4038 1173 4137 portas
1189 4060 1217 4121 d.
1234 4060 1337 4119 Jacobi

159 4166 284 4249 rionlum
299 4173 329 4227 et
350 4184 433 4226 muro
453 4171 482 4227 et
504 4160 606 4227 tribus‘
616 4167 711 4243 'portis
726 4166 855 4227 clausum
869 4166 996 4229 aedfficlis
1021 4168 1151 4240 oblongis
1166 4154 1294 4240 quatuor
1305 4166 1337 4225 in

160 4259 322 4336 mansiones
338 4279 451 4346 centum
466 4279 497 4333 et
510 4290 562 4333 sex
577 4273 693 4347 domas,
710 4277 740 4332 et
753 4273 783 4331 in
799 4256 1010 4349 superliminari
1024 4279 1174 4349 portarum
1188 4270 1252 4329 haec
1266 4286 1337 4329 saxo

161 4376 304 4452 insculpta
318 4384 418 4440 erant:
718 4388 721 4390 ’
