3017 5225
706 437 774 502 tto

147 621 234 678 antes
247 611 402 678 habebant.
424 614 512 686 Licet,
522 618 598 676 enim
611 621 685 677 teate
700 617 729 676 d.
744 615 838 676 Paulo
852 614 946 676 Deum
954 661 957 666 .
965 631 1001 676 ex
1016 615 1166 694 elementis
1180 616 1279 681 mundi
1294 625 1325 680 et

148 723 297 783 creatione
311 739 413 794 rerum
432 723 617 796 agnoverint,
638 727 738 782 tamen
757 727 790 781 ιιι
805 725 834 780 ιι
849 718 887 779 ab
909 720 1009 788 eodem
1024 721 1062 780 ad
1075 721 1158 782 Rom.
1174 724 1189 782 I
1204 724 1321 798 ιιιιιιιιι-

147 833 209 902 tor,
223 840 283 886 non
297 831 330 886 ιιι
344 826 439 886 Deum
458 827 505 886 vel
517 811 816 900 glorificavernntvel
823 812 1016 885 honorarunt.
1056 825 1152 899 Quare
1167 831 1197 886 et
1210 828 1240 886 hi
1256 844 1323 887 oon-

147 933 260 992 suitore
275 930 404 1006 Sathena
422 931 460 990 oh
480 931 632 992 veritatem
651 928 851 1000 christifideles
871 929 1035 990 enormibus
1055 931 1201 1004 suppliciis
1216 935 1246 990 et
1260 947 1324 990 oru-

149 1036 297 1096 delissimo
311 1035 451 1108 martyrio
466 1033 640 1121 afflixerunt
657 1055 664 1061 ³
678 1035 793 1095 Pseudo
813 1051 883 1096 vero
906 1033 1147 1106 christianinihil
1161 1035 1254 1094 minus
1269 1036 1324 1096 sibi

147 1141 289 1214 imputari
307 1141 418 1212 emunt,
441 1155 527 1212 quam
547 1138 625 1212 quod
645 1138 790 1198 Christum
809 1144 839 1198 ιι
861 1154 927 1198 suos
948 1139 985 1200 oh
1005 1139 1035 1212 id
1050 1138 1128 1214 quod
1143 1137 1256 1199 Christo
1271 1149 1322 1200 uo·

147 1246 230 1304 mina
244 1243 377 1304 dederint
391 1249 421 1304 ιι
433 1243 542 1303 Christi
555 1244 731 1302 voluntatem
745 1231 926 1317 annuncient,
942 1247 1162 1318 persequantur,
1183 1242 1236 1302 sed
1251 1243 1322 1304 alias

147 1365 253 1409 causas
268 1347 433 1408 crudelitati
447 1354 477 1406 et
490 1348 626 1420 nequitiae
641 1363 701 1406 sua
715 1347 900 1423 praetendunt
916 1347 983 1424 (hoc
997 1353 1092 1406 autem
1107 1348 1227 1421 putavit,
1244 1347 1322 1422 quod

53 1517 56 1520 ,
147 1451 187 1510 de
200 1452 317 1510 Arianis
331 1468 383 1524 per
396 1452 561 1511 diusculum
575 1469 664 1512 versa·
673 1453 781 1525 pagina
796 1450 902 1511 dictum
917 1449 1031 1526 scripsi)
1047 1453 1155 1511 scilicet
1170 1451 1248 1539 quod
1263 1453 1323 1512 siut

146 1555 280 1621 homines
302 1556 451 1616 seditionis
469 1561 616 1631 amantes,
639 1555 789 1615 traditioni
810 1562 924 1629 patrum
937 1554 1118 1630 refragantes
1133 1561 1163 1616 et
1176 1557 1257 1616 ιιιιιιιι
1273 1558 1323 1630 qui

147 1641 299 1744 modo'est.
309 1661 438 1719 ecclesia
451 1676 521 1719 usus
535 1660 738 1733 perturbantes
746 1664 801 1720 etc.
825 1661 871 1718 Ita
886 1666 915 1720 et
929 1665 1028 1719 nostro
1039 1661 1135 1720 seculo
1150 1677 1209 1719 non
1224 1661 1322 1720 innos

146 1764 287 1836 ιιιιιιιιιι,
315 1764 393 1838 quod
406 1765 586 1838 euangelium
600 1765 820 1840 annunciamus,
842 1764 894 1824 sed
916 1764 994 1836 qnod
1009 1765 1097 1824 simus
1112 1764 1249 1842 haeretici,
1274 1763 1323 1840 qui

146 1885 218 1930 vere
234 1864 382 1929 vamtatem
393 1869 562 1942 'predicent
577 1890 581 1905 ι
599 1869 672 1928 Haec
689 1873 786 1928 autem
809 1869 912 1928 solatio
927 1867 1010 1936 nobie
1026 1885 1090 1930 esse
1107 1870 1220 1942 debent,
1245 1868 1322 1942 qood

148 1972 282 2032 Christus
307 1974 392 2032 dixit.
416 1973 488 2032 Haec
506 1975 603 2032 omnia
620 1978 739 2046 propter
762 1987 866 2030 nomen
885 1988 980 2030 meum
1001 1971 1108 2032 fauent
1128 1971 1227 2046 vohis,
1244 1970 1323 2060 quod

149 2077 232 2150 digni
246 2077 407 2156 habeantur
425 2074 513 2136 1haec
526 2078 587 2152 pati
602 2059 722 2150 propter
736 2088 841 2134 nomen
863 2075 979 2135 domini.
1017 2075 1108 2136 Addit
1113 2092 1237 2163 quoqne
1246 2075 1323 2157 quid

149 2187 230 2242 esset
242 2183 280 2240 ob
293 2197 400 2242 nomen
415 2182 523 2242 domini
536 2181 582 2240 vel
602 2181 688 2253 etiam
708 2194 811 2238 nomen
826 2179 941 2248 domini.
957 2178 1156 2254 cersumt
1111 2184 1156 2239 est
1171 2179 1246 2238 enim
1261 2195 1321 2238 ser·

147 2303 218 2346 vanu
231 2285 345 2346 fidelem
365 2292 396 2346 et
417 2285 484 2344 odio
503 2290 535 2344 et
547 2284 793 2358 persecutionibus
807 2285 845 2346 ob
867 2300 972 2344 nomen
987 2284 1095 2366 domini
1109 2285 1153 2344 sui
1168 2283 1321 2344 obnoxium

148 2407 223 2450 esse.
261 2391 358 2461 Donet
378 2396 476 2450 autem
495 2390 575 2449 Deos
594 2390 717 2463 optimus
740 2390 881 2451 maximus
903 2395 936 2449 ut
958 2357 1015 2448 fide
1029 2387 1113 2450 firma
1135 2395 1170 2470 ιι
1180 2388 1322 2464 patientia

149 2495 307 2556 ιιιιιιιιιιιιι
326 2495 397 2554 nihil
416 2495 454 2554 ob
472 2494 594 2554 nominis
615 2493 725 2552 domini
745 2500 776 2554 et
791 2494 919 2554 veritatis
941 2495 1117 2568 agnitionem
1131 2493 1253 2554 aufferre
1268 2493 1319 2552 de·

148 2604 315 2673 trectemus,
330 2599 531 2673 recogitantes,
548 2598 626 2671 quod
641 2599 702 2673 ipse
717 2598 844 2659 salvator
863 2603 961 2659 noster
981 2597 1120 2660 amando
1136 2605 1166 2659 ιι
1181 2599 1240 2659 suis
1254 2615 1321 2677 per-

148 2706 313 2763 secutiones
333 2720 435 2778 passus
457 2706 511 2778 sit,
534 2708 565 2763 et
578 2704 703 2777 apostoli
717 2707 748 2761 et
762 2706 903 2783 martyres
918 2708 985 2763 ante
999 2710 1065 2779 nos,
1085 2709 1118 2762 ιιι
1132 2718 1318 2777 perseveran-

149 2805 225 2867 tes’
239 2810 270 2865 in
284 2806 370 2867 finem
384 2814 417 2865 ut
435 2808 517 2881 cnjus
531 2808 692 2882 passionem
706 2808 863 2882 participes
877 2808 978 2879 simus,
1005 2808 1067 2881 ejus
1083 2822 1197 2881 qnoque
1212 2805 1319 2879 gaudia

148 2913 369 2987 persentiamus.
406 2911 443 2970 Id
455 2917 495 2983 ιι,
511 2908 620 2989 tumme
634 2917 728 2986 pater,
744 2928 798 2986 per
811 2910 830 2969 J
833 2927 912 2971 esum
922 2910 1067 2971 Christum
1083 2910 1228 2973 dominum
1242 2910 1320 2969 etli-

149 3015 315 3075 horatorem
329 3021 459 3077 nostrum
475 3017 590 3076 unicum
604 3013 695 3073 filium
709 3020 790 3073 tuum
804 3016 950 3075 humiliter
965 3014 1166 3090 deprecamur,
1184 3030 1248 3073 cum
1265 3030 1321 3093 quo

147 3121 203 3180 tihi
217 3126 247 3179 ιι
260 3126 360 3181 sancto
371 3122 490 3194 spiritui
503 3121 694 3193 sempiternus
709 3120 747 3179 sit
761 3121 864 3195 honor,
885 3119 948 3177 laus
963 3125 993 3179 ιι
1007 3119 1122 3213 gloria
1113 3136 1144 3178 ιιι
1158 3124 1261 3180 cuncta
1275 3132 1321 3179 se·

150 3224 400 3285 maternorum
423 3225 526 3285 Amen.
609 3274 611 3278 .
713 3272 717 3278 .

236 3328 347 3422 Eadem
368 3346 387 3389 a
405 3330 543 3389 concione
565 3330 597 3387 ιιι
617 3328 673 3387 hoc
690 3327 810 3401 templo
818 3325 847 3385 d
871 3324 1001 3385 Mauritii
1008 3324 1159 3404 optimum
1183 3280 1320 3385 virumd.

148 3432 290 3501 Jacohum
305 3434 403 3493 Sturm
416 3434 558 3507 alloquuti
571 3450 685 3506 sumus,
705 3448 740 3490 ac
761 3446 817 3504 quo
838 3431 869 3489 in
884 3433 962 3489 statu
980 3446 1028 3495 res
1047 3432 1153 3487 nostrae
1169 3428 1265 3487 essent
1279 3430 1322 3487 ilii

149 3538 350 3611 exposuimus,
370 3553 405 3596 ac
425 3533 539 3597 cum'oo
554 3530 632 3610 quod
655 3532 693 3596 ab
708 3538 771 3609 ipso
787 3540 817 3595 et
830 3536 893 3595 aliis
908 3517 1023 3611 auditur
1038 3533 1204 3601 Ratishonae
1218 3533 1249 3591 in
1264 3532 1321 3591 col-

148 3640 247 3713 loquio
261 3642 424 3701 nominatus
439 3657 540 3717 essem,
558 3658 593 3701 ac
607 3643 677 3714 qnid
690 3642 761 3715 mihi
778 3658 814 3701 ex
828 3656 862 3699 ea
878 3636 1056 3715 profectione
1076 3638 1320 3712 contigeritcon·

149 3744 212 3803 tul’u
236 3745 291 3817 Qui
305 3746 360 3804 ait:
380 3746 421 3804 Et
434 3744 504 3817 quid
518 3747 550 3803 in
564 3762 599 3805 ea
612 3762 646 3804 re
659 3762 780 3818 peecare
802 3741 944 3827 potuisti?
969 3744 1024 3803 nisi
1040 3744 1116 3818 quod
1124 3744 1256 3819 principi
1270 3748 1321 3802 ιιιο

149 3866 186 3909 ea
200 3867 266 3924 qum
280 3850 425 3911 tenebaris
439 3849 549 3923 iacere,
560 3850 681 3911 iaceres.
704 3850 763 3911 Sed
772 3852 814 3925 sic
827 3866 875 3909 res
889 3866 920 3909 se
934 3848 1031 3921 hahet,
1048 3866 1115 3909 uam
1128 3848 1201 3923 ipse,
1218 3844 1322 3921 iuquit,

147 3956 252 4021 mirum
266 3956 298 4013 in
315 3955 430 4015 modum
456 3956 619 4020 ciuitatibus
638 3960 749 4029 metuo,
770 3972 837 4039 nom
848 3971 927 4019 ,nunc
941 3956 1017 4015 iuter
1032 3970 1131 4013 sanum
1150 3948 1182 4011 et
1196 3950 1334 4027 lapidem'

149 4064 269 4141 snmus,
280 4046 572 4133 juxta‘proveroiun.
597 4058 695 4119 Caesar
710 4060 786 4119 euim
801 4060 967 4120 commotior
981 4059 1012 4117 in
1026 4073 1078 4116 nos
1094 4057 1208 4134 objicit,
1218 4055 1322 4117 'uidere

149 4178 181 4221 ae
195 4163 335 4232 nihilum
349 4180 421 4237 ergo
436 4180 488 4223 nos
503 4164 664 4238 clementia,
683 4163 756 4223 nihil
770 4166 901 4239 precihus
916 4164 962 4224 vel
975 4162 1050 4221 bello
1062 4178 1174 4236 duoque
1184 4164 1322 4221 hactenus

147 4266 321 4341 proiecisse,
346 4285 436 4341 quare
450 4268 506 4327 sibi
518 4268 635 4329 -bellum
648 4254 860 4345 suscipiendum
876 4269 988 4331 videret
1002 4268 1099 4342 priore
1114 4268 1205 4325 multo
1221 4266 1321 4327 crude-

725 4404 741 4439 ἡ

170 4537 174 4547 ,
222 4488 422 4545 ιιιιιιιιιιιιιιιιι
494 4493 564 4553 ιἰι,
572 4492 788 4563 perseverantes?
852 4531 854 4539 ,

1034 4520 1118 4619 ιιι
1192 4528 1224 4593 f
