3017 5225
659 365 760 435 ,tao

139 545 235 606 cordis
250 546 342 604 nostri
356 563 468 620 summa
480 545 538 606 fide
554 551 583 606 ιι
597 547 704 619 pietate
719 552 953 620 asservarentur,
975 548 1059 619 juxta
1078 549 1162 608 illud:
1188 549 1253 608 <An
1269 567 1317 609 ne-

139 652 230 726 scitis,
252 650 332 724 quod
345 651 482 723 templum
496 650 552 708 Dei
567 651 636 710 estis
651 649 742 709 voa?
760 656 814 714 ιιι.
850 651 890 709 Et
910 652 946 710 de
961 652 1004 710 his
1024 655 1164 747 prolixius
1186 655 1320 729 disseruit

140 757 179 814 ob
194 756 364 828 papistioam
383 755 585 828 idololatriam,
609 772 683 829 qnae,
707 755 781 843 prob
801 755 892 830 dolor,
916 757 970 814 boc
991 755 1037 814 die
1058 775 1157 816 rursus
1177 761 1253 842 vires
1273 761 1319 819 bic

139 861 270 934 recipere
292 861 390 933 eoepit.
431 859 598 933 Goargnens
621 860 705 918 istam
729 841 974 938 circumlationem
995 863 1115 936 hostiae,
1140 862 1176 921 de
1201 879 1258 936 qua
1282 881 1318 923 ne

135 965 201 1036 jota
222 963 367 1036 quidem
358 982 389 1022 ιιι
410 970 473 1032 tota
495 965 680 1037 scripturas.
701 966 859 1038 reperitur,
885 981 949 1024 cum
968 968 1064 1040 palam
1086 972 1197 1026 constet
1216 985 1319 1052 purum

137 1068 282 1127 hominem
296 1068 390 1127 Deum
404 1086 440 1128 ex
453 1067 511 1127 fide
525 1073 727 1146 agnoscentem
745 1069 846 1128 aedem
862 1085 980 1132 auream
1000 1071 1089 1144 ipsius
1105 1088 1177 1146 esse,
1202 1074 1316 1146 qualem

139 1174 297 1260 puritatem
318 1179 349 1233 et
370 1172 539 1243 charitatem
561 1175 647 1233 nobis
667 1173 774 1249 largire
798 1175 933 1248 dignetur
956 1177 1046 1234 omnis
1070 1177 1230 1236 dilectionis
1253 1177 1318 1236 fons

140 1277 272 1338 Christus
290 1278 387 1338 Jesus.
789 1357 792 1362 ι
1070 1257 1073 1262 ’

225 1384 256 1443 ΔΑ
277 1387 413 1470 concione
434 1385 580 1443 Statulum
600 1400 619 1442 a
640 1376 779 1446 Schleben
799 1384 951 1443 convenire
971 1385 1149 1462 volebamuS,
1173 1367 1271 1444 verum
1291 1388 1317 1444 is

139 1487 225 1549 domo
240 1489 360 1548 abierat.
391 1478 599 1565 Marquardum
621 1487 767 1549 doctorem
785 1488 901 1547 obviam
921 1487 1081 1564 habuimus,
1106 1491 1155 1563 qni
1175 1491 1316 1548 salutatus

136 1599 170 1652 et
189 1600 308 1668 rogatus
331 1595 427 1653 omnia
440 1592 560 1662 ,ιιιιιιιι
582 1595 689 1652 exitum
710 1593 845 1663 habitura
867 1571 1029 1669 ominatum
1060 1593 1117 1653 Sed
1139 1591 1250 1672 facilins
1273 1601 1318 1654 est
1358 1667 1359 1670 Ἴ

141 1699 220 1758 bona
234 1688 365 1772 polliceri
379 1714 465 1770 quam
479 1692 628 1773 praestare.
755 1775 759 1782 γ
1234 1779 1237 1785 ¹

228 1798 275 1862 Dc
288 1819 393 1879 pompa
408 1808 438 1862 et
452 1803 611 1863 cerealibus
625 1800 705 1878 festis
724 1787 810 1862 bodie
831 1802 937 1863 habitis
960 1819 1018 1862 non
1039 1809 1084 1862 est
1100 1801 1222 1878 'dignum
1244 1804 1316 1922 acri·¹

138 1909 217 1969 bere.
253 1958 256 1963 .

227 2016 339 2075 Eadem
354 2013 501 2075 Comadus
516 2013 665 2097 Milcbling
681 2029 697 2072 ι
716 2013 853 2080 comitatu
871 2017 970 2072 nostro
991 2014 1070 2071 venit
1057 2010 1240 2074 tiasciculos
1262 2013 1314 2070 ali-

139 2127 212 2193 quot
225 2099 388 2180 litterarum
402 2121 535 2180 afferens.

228 2225 403 2285 Benedictus
411 2226 491 2285 Dens
506 2226 556 2305 qui
570 2240 615 2282 me
630 2238 766 2326 meosque
781 2228 810 2280 ιι
825 2223 871 2282 ιιι
887 2225 937 2282 ιι
930 2240 961 2280 ιιι
975 2223 1093 2296 patria
1085 2239 1115 2279 ιι
1129 2222 1206 2311 bunc
1221 2238 1313 2326 nsque

139 2329 216 2388 diem
229 2330 385 2390 incolumes
401 2333 536 2390 servarit.
631 2337 634 2343 '
670 2359 673 2366 ·
1155 2379 1158 2383 .

149 2434 152 2441 '
228 2435 307 2494 Nota
320 2436 356 2494 de
370 2436 450 2495 libris
466 2437 567 2510 graecis
587 2451 604 2493 ι
624 2433 751 2507 Corcyra
770 2433 864 2492 insula
883 2431 998 2492 adduct
976 2438 1023 2491 ι.ιι
1061 2431 1134 2491 Sunt
1153 2438 1249 2492 autem
1264 2449 1313 2491 vo·

138 2541 248 2600 lumina
263 2542 328 2599 45
320 2559 350 2600 m
365 2540 547 2616 membranis,
571 2537 600 2598 ιι
614 2545 681 2600 ιιιι
695 2540 804 2612 scripta
820 2537 1024 2613 Chrysostomi,
1050 2534 1181 2613 Gregorii
1200 2533 1312 2613 Miseni,

137 2646 240 2712 Basilii
254 2663 356 2723 magm
371 2652 400 2706 e
387 2643 539 2707 taliormn
558 2647 740 2705 classicorum
762 2640 924 2705 authorum.
962 2644 1019 2704 Res
1041 2649 1138 2702 autem
1160 2643 1195 2702 de
1215 2644 1259 2701 his
1281 2643 1315 2700 li-

138 2752 199 2811 bris
215 2754 257 2826 sic
270 2768 302 2811 sa
315 2752 424 2812 babere
439 2751 540 2812 fertur,
571 2751 719 2811 Mercator
734 2750 929 2823 quidamcum
945 2748 1071 2822 Corcyra
1091 2749 1184 2835 insula
1206 2765 1224 2805 a
1240 2748 1313 2805 Tur-

138 2858 179 2917 cis
199 2864 361 2933 caperetur,
385 2860 499 2931 navigio
521 2858 640 2945 elapsus
657 2862 710 2942 est.
747 2857 776 2913 Is
790 2871 860 2915 cum
881 2855 919 2914 ad
940 2870 1020 2914 oram
1041 2853 1129 2911 maris
1146 2851 1310 2925 navigaret,

137 2962 216 3020 intra
239 2936 353 3021 carecta
375 2966 405 3020 et
422 2964 524 3035 juncos
546 2964 673 3022 marinos
696 2962 856 3019 naviculam
879 2960 1116 3034 palo-alligatam
1138 2958 1259 3045 reperit,
1285 2958 1315 3015 in

138 3082 196 3140 qua
209 3050 355 3125 ιιιιιιιιιι
376 3068 521 3126 volumina
540 3065 603 3125 baec
622 3072 775 3140 exportata
795 3069 887 3135 erant.
923 3064 1069 3123 Mercator
1089 3054 1185 3135 itaque
1207 3079 1242 3120 ea
1263 3079 1313 3121 vo·

136 3151 299 3236 luminans
306 3188 409 3232 navem
423 3188 503 3230 suam
517 3167 846 3233 transierensVenetias
862 3184 957 3227 secum
978 3167 1106 3245 adduxit.
1142 3167 1199 3225 Ubi
1219 3172 1315 3225 autem

138 3278 238 3337 rumor
256 3276 488 3352 hujus-thesauri
508 3256 624 3351 sparsus
646 3253 710 3347 est,
724 3276 751 3333 d.
773 3273 920 3332 Masculus
941 3268 1005 3330 cum
1025 3270 1193 3342 magistratu
1207 3270 1313 3345 ‘Augu
1367 3296 1378 3313 =

132 3380 222 3440 ‘stane
237 3361 306 3455 egit,
325 3387 362 3439 -ut
375 3382 438 3441 haec
453 3382 596 3442 volumina
611 3379 889 3467 sibicompar'areut.
921 3376 975 3448 Qui
995 3376 1069 3439 tanti
1089 3373 1144 3432 riri
1164 3374 1313 3435 consilium

138 3474 210 3545 non„
218 3493 407 3562 aspernantes
429 3489 481 3547 hos
502 3488 591 3546 libros
610 3502 664 3559 pro
684 3484 761 3542 mille
781 3481 842 3541 fere
862 3483 957 3540 aureis
979 3480 1035 3537 emi
1054 3481 1193 3536 curarunt
1211 3483 1241 3536 et
1254 3476 1314 3535 Au·

138 3598 252 3673 gustam
266 3590 383 3651 adferri.
412 3592 541 3651 Vidimus
555 3592 644 3675 igitur
658 3590 711 3647 boc
726 3590 773 3649 die
793 3588 824 3645 in
839 3586 973 3663 Masculi·
984 3582 1094 3646 aedibus
1113 3583 1216 3643 borum
1237 3586 1313 3639 cata-

138 3699 235 3772 logum
249 3709 307 3755 nna
322 3703 352 3757 ιι
364 3695 455 3756 libros
470 3684 588 3769 aliquot,
612 3695 659 3767 qui
675 3699 771 3772 tamen
795 3708 899 3767 magua
914 3710 949 3752 ex
964 3680 1047 3767 parte
1062 3692 1099 3750 ab
1115 3675 1311 3782 eodem'Mus·

139 3802 203 3861 culo
218 3802 361 3861 latinitate
371 3794 475 3861 'donati
493 3807 570 3859 sunt.
602 3797 790 3872 Woligangus
806 3797 955 3857 Musonius
970 3814 988 3855 a
1003 3797 1103 3855 Dhusa
1118 3791 1313 3874 Lotboringiae

138 3907 277 3982 oppidulo
292 3906 434 3965 oriundus.
445 3902 497 3979 ιιι,
521 3906 601 3982 cujus
616 3903 761 3977 ingenium
781 3919 866 3976 quam
887 3897 956 3961 felix
976 3886 1022 3975 sit,
1047 3906 1075 3959 et
1094 3899 1161 3956 binc
1177 3894 1313 3955 aestimari

137 4018 243 4091 potest,
267 4013 396 4086 quodt
363 4011 475 4071 litteras
496 3995 627 4070 arabicas
646 4010 707 4065 sine
727 4007 786 4066 ullo
807 4012 1015 4080 praeceptorum
1035 4002 1257 4068 adminiculoet
1244 4002 1312 4059 tle·

137 4114 243 4193 ger'e
222 4123 252 4176 et
265 4118 426 4191 intelligere
442 4117 582 4203 didicerit,

227 4222 339 4281 Eadem
359 4209 425 4281 dum
447 4193 592 4281 Stacnium
612 4236 631 4277 a
652 4218 792 4280 Schleben
814 4213 1006 4315 quaeritamus,
1030 4214 1153 4286 reipsa
1163 4183 1241 4269 illum
1264 4208 1313 4267 he·

137 4333 241 4388 aterna
252 4308 346 4388 diem
359 4326 519 4402 Marcbiam
534 4324 695 4398 ablegatum
710 4324 910 4395 cognorimus..

228 4434 307 4492 Nota
322 4432 357 4490 de
372 4433 456 4490 Justo
472 4432 561 4505 Sopbi
576 4437 608 4488 et
620 4430 783 4520 Walpurgi.

165 4560 282 4604 waresca
340 4626 343 4629 ἡ
588 4608 592 4611 ,
1081 4530 1099 4584 9

1186 4392 1187 4395 ’
1256 4387 1273 4417 k
