3017 5225
708 487 750 558 35

138 660 279 751 ostendit,
301 676 351 737 ubi
365 676 550 749 conqueritur
564 676 669 736 multos
684 690 761 750 esse,
783 676 834 747 qui
847 675 972 749 parietes
986 690 1162 758 marmoreos
1182 676 1309 752 exigant,

139 784 246 842 altaria
261 782 380 867 gemmis
395 785 425 840 et
439 796 511 839 auro
527 786 639 856 ornent,
657 782 853 840 ministrorum
868 786 965 840 autem
979 782 1087 841 ruham
1101 779 1166 841 fieri
1181 772 1309 842 dilectio·

139 904 206 949 nem
222 892 276 947 etc.
295 886 334 965 lc
348 889 441 961 ipsum
456 901 571 961 quoquc
580 886 728 945 Masculus
743 903 779 945 ex
793 886 856 946 aliis
869 892 984 960 patrum
995 886 1080 945 dictis
1090 887 1226 962 probans,
1242 903 1310 947 cou-

140 1006 288 1069 quercus„
303 993 358 1051 etsi
372 996 472 1067 patres
485 986 546 1050 nou
559 992 590 1049 iu
605 992 736 1051 omnibus
751 975 850 1051 eorum
865 993 979 1066 scriptis
998 991 1140 1066 probandi
1159 994 1229 1067 sint,
1252 1008 1312 1052 non

139 1104 238 1158 tamen
252 1099 355 1172 majori
371 1098 519 1171 diligentia
535 1096 576 1156 ab·
587 1094 761 1155 adversariis
775 1098 806 1155 iu
821 1098 941 1171 siugulis
957 1098 1102 1172 explorari
1116 1102 1172 1157 etc.
1199 1096 1310 1180 Propo·

140 1203 199 1275 suit
213 1208 355 1276 praeterea
370 1204 581 1263 ordinationem
595 1201 790 1260 ministrorum
809 1219 863 1276 per
882 1205 1012 1291 papistas
1033 1208 1063 1262 et
1080 1220 1135 1279 per
1156 1204 1312 1272 antithesin

139 1308 350 1383 ministrorum,
373 1324 445 1381 quos
460 1308 578 1381 spiritus
593 1308 756 1381 paracletus
772 1314 856 1367 uocat
870 1314 900 1367 et
913 1309 1047 1368 instituit.
1077 1308 1222 1381 Itemque
1237 1310 1310 1369 reci·

141 1412 238 1487 derint
256 1430 304 1473 res
323 1414 465 1489 ecclesiae,
494 1407 627 1471 nimirum
646 1411 684 1470 ad
703 1414 832 1485 speciosa
852 1414 954 1487 uerba,
984 1414 1092 1487 templa
1110 1414 1248 1500 regaliter
1267 1415 1310 1473 in·

141 1522 261 1593 structa,
276 1520 428 1589 missarum
442 1517 706 1597 contaminationes,
724 1516 792 1577 dum
806 1519 922 1578 interim
937 1518 1133 1592 negliguntur,
1149 1520 1199 1592 qui
1209 1520 1313 1594 spiritu

19 1606 25 1621 ⁸
141 1627 172 1681 et
186 1624 308 1683 verimte
322 1608 468 1695 instructi,
484 1622 687 1680 mansiunculae
701 1628 947 1684 sacramentorum
961 1622 1007 1701 (ut
1021 1622 1137 1700 uocant)
1152 1632 1233 1698 suut,
1249 1641 1313 1683 cum

140 1726 320 1787 redesaurea
334 1732 431 1785 mmen
446 1727 484 1785 sit
498 1742 588 1801 purus
603 1726 696 1802 homo,
713 1729 764 1801 qui
778 1725 834 1787 fide
850 1714 969 1789 rerhum
983 1713 1038 1789 Dei
1052 1730 1242 1803 amplectetur
1257 1735 1311 1789 ctu.

141 1832 183 1891 Et
195 1818 238 1891 ita
253 1832 426 1901 decoritate
442 1831 549 1905 docuit,
564 1838 597 1891 ut
610 1848 708 1892 ueram
722 1832 818 1907 fidem,
835 1836 1027 1893 constantiam
1041 1840 1071 1894 et
1081 1834 1240 1893 doctrinam
1251 1836 1313 1908 ejus

142 1938 215 1995 satis
228 1937 330 2001 mirari
345 1920 451 2010 possis,
473 1938 665 2011 praesentibus
680 1937 755 2011 lupis
771 1945 802 1997 et
815 1955 884 1997 ursa
897 1944 984 2013 rapto
999 1940 1095 1999 catulo
1112 1955 1178 2000 eum
1193 1942 1312 1997 circum-

143 2040 292 2117 dantibus,
313 2048 368 2100 nec
387 2059 446 2101 non
458 2048 496 2103 ,ct
516 2042 634 2116 equilis,
655 2056 729 2100 uuus
750 2042 798 2101 hic
811 2042 960 2102 Musurlus
974 2044 1058 2104 bouis
1071 2042 1269 2102 fulcimentum
1282 2046 1314 2102 iu

144 2145 259 2219 Christo
271 2146 408 2221 Augustae
418 2146 587 2221 degentibus
598 2146 780 2221 adversariis,
796 2147 915 2206 malleus
929 2152 1081 2207 conterens
1095 2154 1209 2223 petram
1222 2148 1316 2218 videri

142 2258 249 2327 potest.
272 2254 307 2311 lu
322 2250 565 2314 obsecrationibus
580 2246 674 2313 oravit
689 2253 776 2311 etiam
789 2268 844 2327 pro
859 2252 895 2311 iis
911 2254 1004 2325 quiin
1018 2253 1139 2312 vinculis
1153 2254 1190 2313 cb
1202 2252 1313 2320 coufes-

143 2359 254 2416 siouem
268 2360 396 2417 ueritatis
413 2356 619 2433 detinerentur,
636 2373 670 2434 ac
684 2373 737 2431 pro
751 2358 924 2431 christianis,
941 2360 991 2432 qui
1004 2360 1035 2417 iu
1044 2360 1238 2433 captiuitatem
1251 2364 1313 2418 tur-

145 2464 235 2523 cicum
250 2444 382 2550 translati
397 2468 473 2523 sunt.
496 2464 563 2523 Non
579 2464 669 2535 auhn,
689 2464 797 2537 inquit,
821 2479 856 2522 ec
871 2464 927 2537 ipsi
941 2470 1008 2523 suut
1020 2464 1150 2539 pejores,
1172 2463 1249 2547 quod
1263 2453 1313 2523 ab·

144 2566 305 2628 ductisunt
321 2573 350 2628 et
365 2570 418 2630 sub
433 2573 515 2629 tauto
530 2574 655 2642 tyranno
670 2568 778 2628 vivunt.
812 2568 917 2629 Omnes
932 2569 1007 2629 enim
1020 2576 1185 2643 peccatores
1208 2583 1314 2645 sumus,

145 2659 330 2740 etiamsinon
346 2675 529 2735 statim‘ultic
543 2673 632 2747 adsit,
653 2675 737 2747 iuxta
751 2674 841 2744 verba
857 2673 964 2734 Christi
979 2675 1015 2735 dc
1029 2675 1171 2750 Galilaeis,
1193 2689 1315 2749 quorum

144 2781 313 2854 sauguinem
327 2779 437 2840 Fletus
452 2759 516 2838 cum
530 2767 651 2838 viothnis
670 2781 832 2839 miscuerat.
865 2780 1043 2864 Perpulchre
1062 2779 1210 2862 Masculus
1227 2781 1316 2839 ritum

143 2881 282 2957 loquendi
295 2885 464 2959 papisticum
481 2885 545 2944 «Er.
559 2870 685 2968 hat'sich
699 2867 868 2958 berichteuu
882 2887 1016 2946 lassenn»
1032 2902 1087 2960 pro
1102 2903 1151 2960 eo,
1173 2887 1251 2959 quod
1271 2885 1314 2945 di·
1330 2949 1336 2957 Χ

145 2991 248 3064 cimae,
272 2987 514 3050 sacramentorum
529 3007 560 3048 sc
574 2990 743 3074 participem
759 2989 826 3050 fecit
840 2991 918 3069 (cum
932 2997 1029 3052 tamen
1044 3008 1143 3052 curum
1157 3007 1256 3050 rerum
1268 2990 1316 3051 uel

145 3096 210 3177 siut
220 3095 315 3154 edocti
329 3096 375 3170 vel
390 3094 494 3170 sciant)
510 3095 683 3170 explanavit.
1263 3074 1266 3081 ¹

234 3200 363 3259 Vidimus
377 3201 408 3258 in
424 3199 486 3258 rede
501 3177 631 3260 Mauritii
645 3201 678 3257 in
691 3202 766 3261 atrio
781 3198 911 3259 inferiori
926 3179 1024 3274 templi
1039 3196 1119 3261 aram
1134 3207 1273 3277 erectam,
1285 3203 1316 3260 in

145 3321 204 3378 qua
218 3291 303 3365 clena
316 3305 433 3364 Domini
447 3305 586 3380 celebrari
599 3305 687 3379 solet,
703 3304 742 3364 ad
756 3307 839 3380 cujus
853 3307 946 3364 latera
960 3305 1028 3364 hinc
1042 3305 1152 3364 ethiuc
1166 3309 1318 3378 sequeutia

144 3401 289 3470 innostra
303 3412 402 3484 lingua
415 3411 554 3484 Actorum
572 3413 589 3468 2
608 3410 752 3485 descripta
766 3415 862 3469 erant:
880 3411 928 3479 Sic
939 3411 1075 3470 blicbenn
1084 3409 1155 3470 aber
1166 3408 1317 3484 besteudig

144 3517 176 3575 in
188 3516 243 3576 *der
257 3514 388 3591 Apostoll
403 3515 491 3590 Lehr,
506 3515 586 3575 raud
600 3515 650 3574 iun
667 3515 719 3574 der
734 3514 963 3591 Gemeiuschailt,
980 3494 1037 3575 rud
1051 3518 1091 3575 im
1105 3515 1318 3576 brotbrecheun'

144 3619 225 3680 vnnd
240 3616 341 3697 Gobet.
366 3621 438 3680 Item
453 3619 581 3680 Corinth.
601 3623 650 3680 10.
674 3621 724 3681 ihr
735 3627 849 3696 maeget
867 3623 923 3695 uitt
938 3623 1031 3697 gleich
1047 3621 1224 3696 thenhamig·
1235 3622 1318 3681 seinu

145 3725 197 3786 des
212 3725 313 3785 Tischs
337 3725 388 3786 des
409 3725 537 3785 herrenn
558 3725 636 3800 rand
659 3726 711 3787 der
733 3725 855 3786 Teuffell
877 3727 978 3801 Tisch,
1000 3729 1051 3788 ihr
1071 3734 1185 3804 maeget
1205 3729 1249 3788 nit
1267 3745 1317 3786 nu·

144 3831 240 3906 gleich
254 3831 406 3890 triuahenu
423 3830 473 3890 des
487 3830 603 3890 Herreu
618 3831 710 3891 Kelch
724 3833 782 3891 rud
794 3832 849 3891 der
863 3831 984 3892 Teuffell
998 3814 1099 3898 Kelch.
1374 3887 1378 3894 .

236 3935 378 3994 Ardorem
393 3919 667 4009 populihugustaui
681 3935 837 4011 volpertus
852 3938 1039 4010 parvulorum
1052 3953 1124 4012 erga
1136 3935 1257 3997 verbum
1272 3936 1317 3995 di·

144 4041 244 4101 vinum
259 4055 295 4099 ex
309 4040 365 4100 hoc
379 4055 414 4098 ea
429 4040 475 4099 die
490 4039 753 4122 consideravimus,
766 4040 845 4114 quod
860 4043 1006 4114 quendam
1018 4044 1205 4116 provectioris
1220 4041 1320 4100 aetatis

143 4143 289 4204 homiuem
305 4143 437 4219 vidimus,
455 4141 509 4227 qui
519 4160 634 4229 mancus
650 4149 680 4204 et
695 4145 813 4206 claudus
830 4136 940 4206 duabus
955 4147 1129 4221 bipennibus,
1140 4146 1256 4204 iunixus
1271 4144 1321 4204 uix

145 4261 224 4324 aegre
238 4249 325 4318 tibias
340 4250 458 4322 trahens
479 4250 585 4323 gradus
605 4251 715 4324 aliquot
735 4251 900 4311 conscendit
920 4249 1051 4325 ucuiem,
1073 4252 1111 4311 ad
1134 4267 1264 4324 scamna,
1289 4249 1323 4305 iu

145 4344 251 4429 quibus
266 4369 318 4417 uos
333 4354 515 4430 sedebamus,
532 4371 585 4414 uec
597 4355 654 4416 hou
668 4356 712 4414 illi
727 4359 798 4416 satis
813 4361 895 4429 erat,¹
905 4356 958 4439 sed
971 4362 1116 4429 utcunque
1129 4356 1238 4430 potuit,
1255 4369 1321 4428 par·

145 4462 198 4518 tim
212 4467 340 4534 reptans,
359 4461 465 4548 partim
479 4475 613 4519 manuum
627 4477 717 4539 opera
731 4469 817 4549 utens
828 4462 1024 4536 iu'superiora
1038 4477 1155 4520 scamna
1169 4477 1186 4519 e
1200 4459 1319 4532 rericus

146 4567 329 4640 emhsiastis,
345 4581 402 4640 quo
415 4562 591 4626 commodius
606 4558 854 4641 ocehpreeconem
863 4546 966 4626 uudirc
979 4571 1089 4641 posset,
1105 4559 1243 4625 mnscdit.

1062 4671 1081 4728 3
1092 4667 1109 4704 ²l¹
