3017 5225
707 452 781 518 20⁵·

158 634 339 729 evangelium
354 634 507 709 recipiunt,
523 634 565 693 ita
580 632 738 708 recipiunt,
761 638 904 693 attamen
923 633 1038 694 iuterim
1056 634 1162 695 nulius
1176 603 1336 706 commotis

157 738 228 798 tatis
243 753 343 799 carere
358 739 462 812 velint,
485 738 562 812 quod
577 743 607 797 et
621 754 696 797 nnnc
710 742 911 840 persecutione
925 740 1077 814 iugrueme
1095 738 1234 800 ridemus.
1258 740 1331 799 Nul-

157 844 204 902 lus
220 844 296 903 enim
315 845 477 919 principum
497 851 548 903 ιιι
571 861 741 920 magnorum
761 832 911 919 procerum
933 850 992 919 est,
1017 844 1067 917 qui
1085 844 1239 917 ingranam
1251 846 1333 905 uerbi

157 948 206 1007 vel
229 950 376 1008 minimum
401 950 471 1022 quid
491 966 576 1023 opum
597 968 713 1011 suarum
732 950 803 1012 uelit
822 950 969 1024 negligere
979 950 1030 1009 ⁴vel
1045 948 1216 1022 relinquere.
1252 949 1333 1009 Etsi

145 1053 234 1113 -lorte
256 1054 424 1129 regiuncula
444 1054 542 1128 aliqua
563 1056 752 1132 relinquenda
759 1061 802 1115 et
821 1056 985 1129 voluptates
1005 1056 1043 1115 ob
1064 1027 1244 1129 euangelium
1262 1070 1332 1117 oon·
1406 1112 1409 1115 ι

157 1158 330 1232 temnendae,
346 1176 403 1219 non
420 1161 510 1220 solnm
525 1160 614 1220 verbo
628 1162 783 1263 evangelii,
800 1160 853 1221 sed
866 1163 912 1222 ιιι
927 1159 1065 1279 Christo
1056 1175 1120 1234 rpso
1134 1161 1165 1218 in
1179 1165 1270 1221 totum
1284 1177 1330 1221 re·

155 1264 323 1323 nunciaturi
338 1266 404 1323 sint.

176 1405 180 1419 ι
248 1369 370 1443 Domine
386 1370 457 1444 Jesu
473 1369 601 1443 Christe,
624 1358 674 1443 qui
693 1370 749 1429 tuis
770 1369 871 1430 mundi
893 1371 990 1431 odium
1009 1376 1040 1431 et
1059 1371 1287 1444 persecutionem
1300 1370 1332 1429 in

156 1475 237 1547 ipsos
251 1473 410 1547 praedicere
430 1474 547 1533 voluisti
571 1481 602 1534 et
622 1475 719 1533 miritis
741 1476 834 1534 modis
855 1477 965 1536 animos
980 1490 1079 1535 eorum
1093 1472 1271 1550 confortasti,
1290 1490 1333 1538 -en

156 1579 288 1653 domine,
310 1566 458 1638 inveniunt
481 1596 556 1638 nunc
575 1595 627 1639 uos
646 1580 708 1661 baec
721 1581 909 1646 mala,omnia
924 1586 957 1641 et
974 1581 1046 1639 nibil
1060 1577 1213 1654 'superesse
1226 1580 1332 1652 reliqui

138 1687 142 1695 '
158 1684 286 1759 videtum
301 1684 356 1744 uisi
372 1682 450 1758 quod
464 1685 607 1775 pollicitus
618 1701 657 1757 es,
675 1690 704 1744 te
718 1699 937 1760 permansurum
947 1680 1096 1746 uobiscum
1108 1700 1201 1759 usquc
1213 1684 1252 1746 ad
1264 1700 1333 1745 con·

156 1791 375 1851 summationem
395 1790 492 1849 seculi.
508 1791 613 1865 ¹Igitur
635 1790 684 1881 ola,
709 1797 742 1851 ut
757 1792 898 1866 possimus
921 1792 1082 1852 intentione
1095 1792 1150 1851 bac
1164 1780 1332 1865 ¹gravissima

156 1896 324 1977 subsistere,
341 1910 398 1967 quo
412 1900 441 1955 te
457 1896 589 1973 veniente
604 1896 737 1973 levemus·
746 1896 841 1969 capita
862 1902 963 1957 nostra
978 1902 1009 1976 et
1023 1896 1059 1955 (le
1074 1888 1125 1956 tua
1139 1896 1267 1970 gratuita
1279 1896 1331 1956 bo·

155 2001 250 2059 nitate
280 2014 414 2059 coronam
443 2001 542 2074 gloriae
571 2016 634 2059 oum
656 2000 788 2061 omnibns
808 1991 914 2060 electis
931 2001 990 2060 tuis
1013 2004 1202 2075 reportemus.
1240 2002 1332 2074 quue

159 2109 284 2179 propter
305 2118 454 2172 summam.
468 2112 547 2165 tuam
572 2106 745 2181 bonitatem,
769 2106 897 2181 domine,
922 2107 974 2167 cul·
987 2121 1051 2165 cum
1074 2111 1158 2179 patre
1179 2111 1210 2165 et
1232 2112 1332 2167 sancto

156 2210 263 2283 spiritu
277 2210 380 2285 honor,
396 2211 460 2271 lans
476 2212 513 2270 sit
520 2216 559 2273 ‘et
573 2212 675 2286 glorie.
699 2210 802 2271 Amen.

246 2314 358 2377 Eadem
376 2312 456 2377 venit
470 2316 600 2375 loannes
622 2318 704 2399 nobis
724 2334 742 2377 a
756 2316 878 2391 pedibus
893 2316 1040 2375 aloanne
1061 2314 1198 2379 Galactec
1214 2320 1244 2375 et
1256 2315 1332 2375 Her·

157 2405 372 2481 manno'Nellio
393 2421 475 2481 nobis
496 2422 608 2481 litteras
629 2400 778 2497 auferens,
801 2422 1012 2482 coloniensium
1033 2427 1064 2480 et
1082 2421 1287 2481 monachorum
1300 2420 1333 2479 in

152 2510 324 2586 comitatum
344 2533 473 2587 nostrum
495 2526 694 2587 infestationes
719 2532 932 2606 concernentes.
970 2526 1084 2587 Detulit
1106 2531 1136 2587 et
1163 2527 1274 2588 litteras
1295 2526 1332 2586 ab

158 2632 271 2692 eisdem
286 2632 324 2692 ad
340 2633 496 2693 Liberium.
510 2716 512 2721 ³
1210 2688 1212 2691 .

248 2726 327 2798 Nota
349 2741 398 2811 qui
421 2737 505 2798 lieret
531 2737 608 2812 quod
632 2739 815 2798 Hermannns
842 2739 913 2824 nihil
940 2739 976 2798 de
995 2739 1117 2812 pecunie
1140 2739 1330 2813 rescripserit.

160 2845 303 2918 Nepotem
319 2847 449 2902 nostrum
465 2835 624 2904 Samuelem
639 2829 767 2904 nondum
782 2860 896 2918 quoque
912 2842 1089 2904 Waldeciam
1104 2830 1258 2918 appulisse.

248 2949 378 3024 Vidimus
394 2947 494 3008 eadem
510 2949 625 3010 Werolae
642 2945 755 3018 domum
771 2949 890 3009 Antonii
899 2950 1025 3024 luguen
1040 2951 1118 3010 intra
1132 2949 1243 3043 moenie
1254 2947 1332 3007 urbis
1442 2938 1446 2941 ’

134 3071 328 3142 magnarum
357 3071 441 3128 opum
464 3055 685 3114 οιιιιιιιιιιιιιιΙ
712 3055 817 3130 Regia
840 3072 903 3114 esse
921 3055 1013 3129 possit
1034 3046 1183 3133 habitatio.
1222 3050 1333 3112 Canini

160 3159 271 3234 aliquot
285 3175 321 3220 ex
335 3163 477 3220 marmore
492 3160 631 3234 candido,
657 3175 714 3219 non
730 3167 827 3250 tamen
841 3161 924 3234 pario
945 3159 998 3218 sed
1012 3160 1186 3232 Eietatense,
1202 3157 1332 3219 tabulate

160 3282 198 3325 ex
211 3266 290 3340 liguo
306 3261 378 3326 uarii
394 3266 516 3340 generis,
533 3266 681 3339 laquearia
696 3264 835 3324 deaurata
855 3265 902 3323 vel
923 3264 1019 3337 potius
1034 3275 1137 3323 aurum
1151 3261 1219 3322 ficto
1234 3262 1330 3322 colore

160 3371 309 3446 ementita,
333 3377 366 3429 ut
387 3371 423 3430 de
445 3360 614 3445 pauimentis
635 3369 742 3430 affabre
758 3370 881 3443 plenatis
903 3374 1013 3428 taceam
1028 3383 1081 3426 sna
1094 3367 1218 3442 planicie
1232 3383 1332 3440 super·

160 3477 314 3537 bientibus.
338 3477 377 3534 Et
392 3487 455 3533 cuni
470 3475 520 3534 alii
535 3491 571 3535 ex
580 3474 843 3548 uirentibispratis
853 3474 952 3534 bortos
964 3473 1103 3532 ιιιιιιιιοι
1116 3468 1332 3546 magmfaciunt,

160 3581 208 3640 hic
227 3580 324 3643 uidere
347 3567 410 3640 erat
429 3581 587 3653 labyrintos
605 3567 640 3639 ”in
660 3581 823 3655 pavimento
849 3595 885 3639 ex
900 3580 1044 3640 asseribus
1059 3578 1161 3639 dolatis
1175 3577 1248 3638 miro
1263 3577 1332 3635 insi-

149 3683 296 3762 xnutamine
315 3686 430 3746 ιιιιιιῑι
448 3682 627 3748 lineamentis
651 3692 704 3760 pei
718 3703 806 3760 gyros
820 3690 851 3746 et
864 3685 1039 3757 maeandros,
1064 3685 1220 3759 exquibus
1234 3682 1331 3743 deam-
1401 3764 1406 3772 ι

162 3791 265 3851 bulans
279 3789 433 3852 difficulter
453 3807 484 3850 se
505 3791 561 3850 nisi
581 3791 753 3850 lineamenta
772 3792 917 3869 transiliat
936 3783 1039 3850 cruere
1057 3795 1163 3878 potest.
1201 3787 1259 3850 Sed
1277 3787 1334 3849 siut

159 3898 222 3956 suis
238 3892 374 3957 divitibus
390 3913 474 3970 opes,
499 3897 549 3969 qni
567 3893 643 3956 forte
657 3896 814 3956 civitatem
824 3900 1039 3970 permanentem
1052 3895 1101 3955 bio
1113 3893 1259 3956 aedificare
1273 3896 1332 3952 sta·

162 4006 256 4062 tuunt.
279 4001 352 4061 Inde
366 4000 551 4061 redeuntibus
566 4001 675 4076 hospes
687 4006 785 4062 noster
800 3981 955 4075 ethiopem
967 3991 1124 4070 cursorem,
1141 4001 1190 4072 qni
1201 3996 1333 4073 Hispano

162 4107 300 4167 custodiae
324 4107 461 4180 principis
485 4105 539 4167 (lat
526 4111 634 4173 ttorum
648 4105 786 4180 praelecto
799 4123 819 4166 a
833 4105 962 4182 pedibus
976 4105 1078 4176 seruit,
1097 4107 1266 4176 conspectus
1280 4103 1332 4162 ho·

162 4207 267 4272 minem
280 4211 319 4272 ιιι
334 4227 365 4270 ιι
379 4212 519 4271 vocavit.
540 4211 628 4284 Quem
649 4213 698 4272 ubi
719 4210 755 4272 de
775 4211 913 4288 principis
926 4201 1093 4270 suetudine
1107 4215 1137 4269 ιι
1151 4222 1276 4282 quonam
1289 4208 1331 4266 lo·

163 4331 261 4376 corum
276 4305 352 4376 nunc
372 4321 570 4376 asservaretur
589 4332 765 4393 rogaremus,
780 4318 944 4390 respondit:
966 4316 1027 4376 Sub
1049 4320 1161 4374 noctem
1175 4326 1239 4371 cum
1253 4311 1332 4384 capi·

160 4414 250 4483 ιιιιο
263 4437 332 4483 meo
349 4424 380 4481 ιι
394 4421 471 4482 Ηιιι
486 4403 642 4481 Suevorum
661 4423 849 4494 pernoctavit
888 4423 941 4480 In
941 4437 977 4481 ea
997 4422 1073 4481 enim
1086 4408 1158 4480 urbe
1170 4415 1334 4490 hispanicus

157 4527 306 4591 exercitus
320 4519 379 4590 una
393 4527 457 4589 cum
470 4525 652 4602 landtgrauio
662 4518 861 4598 meusesduos
871 4526 1033 4603 ιιιιιιιιι.
1043 4525 1122 4587 Jussi
1128 4518 1219 4603 igitur
1231 4519 1333 4584 ethio·
1368 4511 1378 4518 “
