3017 5225
691 495 759 564 227

137 676 217 741 felici
231 696 328 741 rernm
342 649 475 739 successu
491 684 520 739 et
533 677 641 739 invidia
660 687 729 754 non¹
740 682 831 740 solum
851 682 941 740 oculis
958 683 1092 759 lippiunt,
1117 683 1168 743 sed
1180 645 1312 747 omnibus

141 789 231 863 talpis
247 786 407 869 ot,Tiresiis
423 788 590 847 caecutiores
606 792 680 865 sunt.
704 786 879 859 Recordare,
897 771 1019 862 domine,
1036 794 1065 847 et
1079 791 1191 863 respice
1206 785 1310 866 oppro·
1417 794 1421 802 ‘

139 874 235 953 brium
251 905 401 953 servorum
416 898 544 966 tuorum,
560 882 702 951 humiliati
718 893 795 950 enim
809 908 904 951 sumus
920 893 1016 967 nimis,
1027 887 1072 951 'ut
1093 894 1164 967 quid
1177 894 1311 969 blasphc·
1352 890 1354 895 ’
1370 920 1374 926 ·

141 1002 238 1058 matur
253 1013 356 1063 nomen
376 1002 457 1056 tuum
471 1014 529 1057 non
544 998 635 1057 solum
649 997 726 1057 inter
740 1004 855 1073 gentes,
881 1015 945 1071 quae
967 1017 1026 1059 non
1048 1005 1190 1059 noverunt
1209 1014 1313 1061 nomen

140 1110 236 1178 tunm,
252 1103 305 1173 sed
319 1104 395 1163 inter
409 1109 439 1161 et
453 1101 491 1163 ab
504 1104 557 1178 iis,
575 1100 624 1175 qui
638 1100 746 1176 tecum,
771 1108 884 1163 creator
898 1103 964 1162 coeli
974 1103 1009 1162 'et
1021 1108 1122 1179 terrae,
1146 1105 1267 1165 divisum
1281 1122 1313 1164 se

140 1209 292 1282 imperium
306 1208 413 1267 habere
425 1212 537 1283 putant,
553 1202 778 1269 contaminantes
793 1211 960 1283 sanguinem
975 1208 1140 1269 crncifixiin
1154 1227 1207 1271 sua
1222 1212 1311 1284 stupi-

141 1314 259 1372 dissima
274 1314 415 1391 sapientia
429 1314 595 1388 gloriantes.
635 1312 777 1381 Converte
797 1318 826 1371 et
848 1318 957 1389 everte,
978 1314 1104 1390 domino,
1128 1322 1211 1389 pater
1225 1316 1311 1375 coele-

141 1418 207 1493 stis,
227 1434 280 1493 per
294 1417 440 1478 Christum
454 1419 473 1478 J
475 1435 554 1477 esum
569 1418 713 1478 dominum
728 1424 867 1478 nostrum.
890 1418 992 1480 Amen.

234 1510 298 1583 Hac
313 1522 359 1583 die
373 1524 483 1598 nullum
498 1540 533 1582 ex
548 1516 687 1585 Wimaria
701 1523 835 1583 nuncium
848 1527 937 1585 venit.
997 1526 999 1533 '

232 1646 252 1686 x
267 1610 327 1689 Juli
347 1629 511 1689 volebamus
532 1629 648 1703 quidem
662 1628 931 1704 Blanckenhurgum
950 1631 1010 1705 ire,
1034 1645 1134 1690 verum
1148 1631 1212 1689 aliis
1227 1645 1314 1704 nego·

143 1734 195 1792 ciis
210 1728 340 1807 impediti
355 1750 461 1793 sumus.
500 1735 671 1794 Volebamus
686 1736 754 1794 item
769 1736 921 1811 intemplo
936 1736 1034 1809 oppidi
1050 1751 1086 1795 ex
1099 1736 1219 1795 vetustis
1232 1734 1315 1794 libris

142 1844 328 1897 monumenta
344 1830 475 1912 quaedam
491 1841 646 1915 expiscari,
669 1855 769 1897 verum
784 1841 853 1912 qnia
867 1848 890 1898 a
904 1840 1065 1899 senioribus
1085 1841 1202 1900 seclusae
1222 1846 1314 1913 erant,

143 1943 373 2021 ludimagistrum
387 1945 565 2020 rogavimus,
586 1950 619 2004 ut
637 1946 685 2005 ille
707 1946 802 2019 petitis
818 1943 944 2003 clavibus
958 1941 1098 2016 librorum
1112 1945 1219 2017 primas
1233 1945 1313 2017 pagi·

144 2064 197 2109 nas
213 2050 368 2123 inspiceret
382 2066 417 2109 ac
431 2050 522 2124 nobis,
539 2050 564 2108 si
579 2050 649 2124 quid
662 2051 805 2111 inveniret
820 2047 968 2123 ejusmodi,
984 2049 1135 2108 indicaret.
1207 2048 1214 2055 ’

220 2154 363 2214 ,Vidimus
383 2156 413 2212 in
438 2154 543 2228 oppido
563 2155 640 2214 aedes
657 2155 701 2233 (ut
716 2151 832 2229 vocant)
847 2147 1046 2228 parrochiales
1057 2146 1195 2213 habentes
1218 2150 1313 2211 hiber·

146 2260 249 2319 nacula
264 2259 421 2333 duodecim,
430 2258 548 2318 cellaria
562 2264 763 2320 concamerata
776 2260 841 2334 plus
855 2236 948 2317 minus
962 2275 1013 2317 sex
1026 2259 1073 2318 vel
1087 2265 1205 2334 septem,
1221 2258 1316 2317 aulam

147 2370 176 2423 et
190 2364 309 2437 ordinas,
326 2380 390 2437 quaa
404 2364 451 2423 vel
465 2364 588 2439 principi
603 2362 778 2451 sufficerent,
799 2369 886 2437 atque
900 2365 963 2424 haec
977 2369 1045 2424 ante
1059 2369 1226 2424 renovatam
1240 2379 1315 2437 prae-

147 2459 320 2529 dicationem
340 2470 480 2544 evangelii
501 2468 584 2541 sedes
605 2468 659 2529 fnit
678 2460 937 2546 archipresbyteri,
959 2487 1023 2545 qua
1038 2472 1162 2545 dignitas
1176 2472 1242 2545 post
1257 2466 1315 2527 suf-

147 2572 317 2649 fraganeum
333 2580 362 2634 et
377 2572 528 2638 officialem
542 2573 768 2635 Erffurdiensem
783 2576 814 2634 in
828 2579 922 2635 tractu
937 2574 1159 2636 Orlamundensi
1177 2577 1253 2636 inter
1267 2591 1318 2648 pa.

148 2681 265 2754 pisticus
288 2682 381 2753 prima
400 2679 470 2755 fuit,
499 2685 527 2740 et
550 2681 588 2740 ad'
609 2682 684 2739 hunc
702 2680 877 2755 parrochnm
891 2681 984 2755 primo
1005 2680 1208 2740 deferebantur
1223 2697 1316 2740 causa

147 2786 305 2866 vicinorum
320 2786 502 2847 sacerdotum
517 2794 570 2847 etc.
656 2825 658 2828 -
697 2771 699 2776 X
909 2854 912 2858 Α

237 2890 399 2964 Aprandio
419 2892 449 2950 in
470 2891 632 2951 nemoribus
655 2897 736 2952 trans
758 2891 948 2952 Schwartram
967 2908 1079 2952 amnem
1100 2892 1215 2952 venatio
1237 2891 1318 2950 insti·

146 3000 212 3056 tuta
227 3003 298 3057 erat.
338 2997 411 3069 Quia
432 3013 500 3057 vero
520 3000 611 3072 major
624 2994 839 3087 parslmeridiei
860 2976 1041 3071 praeterierat
1059 3005 1090 3058 et
1102 2998 1178 3057 retia
1192 2995 1318 3055 nondum

147 3107 233 3162 tensa
248 3109 330 3168 eraut
341 3099 375 3162 ¹ct
389 3101 571 3182 metuebatur
585 3105 766 3163 venationem
780 3103 944 3162 inmultam
955 3108 1067 3169 noctem
1081 3096 1257 3175 protractam
1272 3101 1317 3174 iri,

147 3185 223 3268 uuor
239 3213 267 3268 et
281 3207 450 3281 Margareta
465 3207 500 3266 de
515 3207 685 3268 Wildcniels
706 3206 853 3268 uobiscum
874 3207 912 3266 ad
933 3207 1082 3266 visendum
1096 3205 1319 3283 Blanckenburg
1384 3280 1389 3288 ν

150 3313 338 3373 diverterunt.
381 3312 436 3372 Est
462 3318 558 3372 autem
581 3312 789 3388 Blank‘cnburg
814 3330 867 3372 arx
883 3314 1006 3372 vetusta
1034 3312 1117 3395 sedes
1145 3311 1278 3370 comitum
1301 3326 1320 3368 a

150 3418 382 3494 Schwmtzburg,
408 3421 468 3478 sita
478 3420 509 3476 in
524 3419 631 3478 vertice
646 3419 786 3477 altissima
804 3417 921 3491 montis,
945 3416 983 3475 ad
996 3417 1146 3489 utriusque
1160 3415 1263 3476 montis
1278 3415 1319 3474 la·

149 3515 202 3587 tus.
219 3525 323 3585 uinetis
346 3525 483 3599 superba,
508 3528 690 3598 conspectum
717 3522 827 3589 habens
855 3523 1086 3605 amoenissimum.
1132 3521 1180 3581 Al
1207 3518 1321 3602 radices

151 3632 256 3689 montis
271 3631 371 3689 civitas
386 3636 430 3688 est
444 3629 570 3703 ejusdem
585 3644 652 3696 cum*
661 3643 727 3687 arce
742 3624 873 3688 nomiuh.
896 3629 967 3688 Haec
981 3603 1090 3687 recenti
1103 3629 1320 3707 hominumrnc·

151 3736 243 3794 moria
256 3742 303 3795 ter
317 3732 541 3810 conflagratione
556 3749 630 3809 pene
645 3734 741 3808 periit,
754 3726 784 3792 e‘t
798 3748 862 3791 cum
877 3733 1002 3795 secundo
1017 3732 1079 3794 iere
1094 3723 1257 3808 ex'integro
1271 3747 1319 3791 re-

152 3835 294 3900 aedificata
317 3845 406 3913 esset,
431 3839 588 3906 subitanea,
603 3837 827 3912 conflagratione
844 3839 949 3898 iterum
967 3840 1115 3899 combusta
1130 3845 1181 3899 est.
1200 3884 1206 3898 ,
1221 3839 1321 3901 Tertio

152 3962 221 4009 vero
236 3947 313 4006 idem
324 3921 465 4021 perpessa
485 3945 636 4006 clementia
655 3945 747 4005 soceri
767 3945 858 4019 nostri
874 3943 988 4002 comitis
1009 3942 1263 4016 aSchvrartzburg
1278 3935 1321 4000 in-

149 4051 235 4138 colis,
253 4068 309 4126 quo
318 4051 414 4110 levius
429 4048 599 4110 reaedificari
613 4048 681 4110 urbs
696 4038 803 4123 posset,
827 4064 925 4107 omnes
938 4045 1082 4121 redditus,
1114 4046 1212 4105 dehita
1226 4052 1256 4126 et
1269 4049 1322 4105 tri·

153 4155 223 4216 buta
237 4135 269 4216 in
283 4157 598 4230 septenniumaemissa
613 4162 689 4230 sunt,
710 4171 768 4230 qua
782 4153 819 4212 de
834 4169 921 4212 causa
935 4158 965 4211 et
977 4151 1084 4210 factum
1099 4154 1152 4225 es‘t,
1167 4156 1200 4208 ut
1213 4151 1322 4211 Rudel-

153 4260 373 4328 stadtdominae
394 4261 556 4321 Gatharinae
582 4261 657 4318 hanc
681 4260 717 4320 ob
740 4276 802 4318 rem
824 4262 854 4316 et
877 4257 955 4330 quod
980 4255 1099 4314 masculi
1121 4253 1243 4313 heredes
1265 4271 1324 4316 non

154 4373 340 4440 superessent
353 4367 392 4426 ad
406 4367 493 4427 vitam
507 4365 597 4438 ipsius
611 4363 815 4436 possidendum
838 4378 902 4420 cnm
916 4361 1045 4421 omnibus
1060 4360 1245 4434 proventibus
1261 4358 1323 4432 ejus

155 4470 255 4530 datum
268 4472 316 4532 sit.
340 4473 447 4530 Tenuit
460 4485 556 4556 arcem
563 4467 786 4540 Blauclrenburg
799 4466 946 4541 quondam
961 4482 1055 4526 comes
1070 4464 1322 4536 aschvartzburg,

149 4577 373 4651 ,cmcegnomeu
387 4574 445 4636 luit
458 4575 510 4636 dor
525 4571 737 4648 Strasabnrger.
749 4569 935 4634 lsabaheo
947 4582 1001 4633 arx
1015 4571 1186 4646 pomoerium
1201 4575 1231 4631 et
1241 4575 1324 4631 ante·

1040 4673 1112 4738 15*
