3017 5225
698 421 749 493 Π
865 482 872 493 ,

219 611 375 681 Memento,
391 614 475 691 pater
492 608 625 684 coelestis,
638 608 776 670 bonitatis
790 611 849 666 tua
866 607 1011 666 immcusae
1027 610 1057 665 et
1073 602 1235 665 afflictionis
1253 620 1304 665 uo·

128 722 208 792 straa
225 716 357 775 ouantia
370 731 463 790 genua
479 715 558 789 erige
573 721 602 775 et
616 732 667 775 nos
682 715 712 773 in
724 712 791 784 fide,
807 714 909 771 timore
925 715 959 793 et
968 701 1066 772 amore
1080 713 1123 771 tui
1137 708 1304 770 corrobora.

219 821 289 895 xviij
305 819 413 895 Aprilis
428 837 537 881 summo
552 807 636 879 manc
652 820 787 880 Liberius
801 817 1027 891 Marquardum‚
1050 816 1192 877 Melcbior
1207 814 1307 874 Haseu

131 925 264 987 doemrcs
279 928 438 986 consultum
453 927 559 985 abiere.
599 926 692 999 Hujus
711 924 860 985 oondbum
875 919 938 997 fuit,
961 927 995 981 ut
1008 922 1229 982 Atrebatensem
1243 919 1305 979 adi·

130 1047 228 1105 remus
249 1048 284 1091 ac
304 1036 497 1106 tentaremus,
528 1048 565 1091 an
583 1032 676 1106 ipsum
702 1028 884 1089 archiducem
903 1043 1000 1089 coram
1021 1028 1129 1102 alloqui
1149 1042 1306 1103 possemus.

130 1140 204 1199 Item
214 1152 311 1211 regem
319 1135 534 1196 Ferdinandum
546 1136 748 1210 eloquendum
760 1133 871 1194 euobis
881 1150 953 1208 esse,
967 1151 1027 1195 vuon
1036 1139 1132 1195 tamen
1141 1132 1184 1191 illi
1193 1129 1305 1191 consul·

131 1250 193 1303 tum
207 1242 314 1317 udam,
339 1249 372 1304 ut
391 1246 457 1301 ante
471 1257 558 1301 unum
573 1248 624 1302 aut
638 1242 762 1301 alterum
776 1242 852 1308 diem
874 1257 928 1314 pro
941 1256 1080 1316 responso
1095 1239 1305 1299 sollicitaretur.

130 1348 209 1423 Nam
222 1346 403 1408 archiducem
418 1346 556 1421 quidquid
571 1365 624 1422 per
638 1347 803 1408 Waldecios
817 1349 924 1421 scripto
938 1346 1066 1407 oblatum
1080 1346 1128 1416 sit,
1145 1358 1231 1417 quam
1245 1340 1307 1416 pri·

131 1472 211 1515 mum
224 1452 371 1513 commode
386 1452 449 1513 fieri
464 1452 568 1528 possit,
590 1468 723 1513 casareae
738 1454 880 1527 maJestati
895 1454 1062 1512 relaturum.
1094 1450 1220 1511 Hasonis
1235 1464 1306 1526 quo·

133 1576 191 1635 que
206 1560 355 1620 eonsilium
371 1562 447 1633 erat,
465 1574 502 1617 ne
516 1564 575 1619 tam
590 1559 722 1618 celeriter
736 1575 905 1635 responsum
919 1562 1091 1632 peteremus.

222 1664 333 1725 Eadem
346 1662 493 1725 Adrianus
508 1681 526 1722 a
541 1664 662 1724 Zcrtzen
677 1665 795 1727 remotis
817 1664 935 1725 arbitris
955 1642 1009 1722 nos
1029 1663 1193 1736 alloquens,
1218 1661 1306 1734 uenit,

132 1771 263 1831 tonitrua
278 1770 420 1831 minarum
443 1787 479 1829 cs
493 1786 544 1829 ore
567 1770 612 1847 (ut
632 1771 695 1844 ipsc
712 1767 825 1844 ajebat)
843 1768 975 1836 Mauritii
990 1768 1122 1828 electoris
1144 1771 1174 1826 et
1193 1764 1308 1825 Alberti

133 1875 306 1935 marchionis
324 1874 456 1935 afferens.
488 1876 557 1949 Quae
573 1875 695 1952 dicebat,
712 1872 773 1935 lere
788 1874 927 1949 ejusmodi
941 1878 1034 1947 erum,
1049 1872 1217 1931 Mauritium
1233 1872 1308 1931 elec·

133 1987 228 2042 torem
241 1980 336 2041 multis
356 1981 536 2042 audientibus
552 1980 670 2040 dixisse:
693 1980 771 2039 Num
786 1981 873 2039 etiam
887 1978 1008 2039 Wolrad
1022 1994 1117 2037 comes
1132 1994 1150 2037 a
1165 1975 1308 2037 Waldeck

135 2086 237 2147 edem?
251 2087 294 2145 Ac
305 2086 355 2150 ubi
363 2085 509 2153 Adrianus
520 2076 716 2159 respondisset
731 2086 813 2144 »Imo
828 2084 941 2158 adest«,
956 2084 1126 2143 Mauritium
1140 2081 1259 2141 dixisse:
1277 2080 1308 2139 Si

135 2208 172 2253 eo
190 2198 416 2268 perpetrassem,
441 2208 506 2265 quae
528 2192 623 2251 comiti
642 2191 709 2250 huic
722 2191 916 2264 intentantur,
940 2205 978 2248 nc
997 2188 1112 2247 termini
1127 2187 1242 2261 quidem
1255 2188 1308 2245 im·

134 2299 210 2374 perii
223 2297 293 2357 mibi
308 2300 377 2359 satis
392 2296 479 2371 ampli
493 2302 601 2372 essent,
625 2296 703 2356 intra
717 2295 771 2356 hos
790 2297 863 2355 bam
878 2295 1001 2355 Caesaris
1020 2300 1186 2369 expectare,
1210 2290 1240 2353 et
1253 2292 1309 2351 uisi

134 2404 282 2478 peculiari
291 2404 370 2463 saluo
386 2403 528 2462 conductu
539 2404 688 2475 provisum
703 2401 741 2461 sit
755 2404 860 2476 comiti,
876 2401 1036 2462 consultum
1051 2400 1096 2481 illi
1108 2381 1203 2473 velim,
1213 2394 1215 2397 ’
1227 2399 1311 2458 citius

136 2525 168 2569 se
184 2509 249 2567 binc
263 2509 421 2582 arriperet3
443 2514 529 2580 atque
544 2506 589 2565 his
603 2506 699 2567 verbis
722 2506 797 2567 adeo
811 2512 971 2581 permotam
992 2505 1081 2565 luisse
1096 2506 1311 2579 Lantgraviam,

136 2621 171 2676 ut
183 2615 344 2676 Adrianum
358 2615 447 2674 amice
461 2619 601 2688 rogasset,
617 2619 732 2674 curaret
746 2620 879 2687 utquam
893 2615 971 2698 ocius
986 2613 1050 2672 haec
1063 2613 1170 2672 rescire
1183 2626 1309 2686 possem.

137 2719 192 2780 His
206 2721 313 2780 auditis
328 2720 420 2803 primo
436 2720 564 2778 nonnihil
579 2719 674 2780 auimo
689 2719 833 2780 turbatior
847 2717 938 2789 fretus
952 2735 1025 2794 sum,
1041 2716 1133 2777 fretus
1146 2722 1244 2776 minen
1256 2715 1313 2775 Dei

138 2825 268 2907 bonitate
283 2841 317 2886 ae
330 2826 421 2886 libera
436 2826 608 2885 couscientia
622 2809 674 2885 has
688 2827 781 2887 ninas
796 2827 968 2901 contempsi,
992 2823 1169 2900 respondeus
1184 2820 1313 2885 Adriano

138 2933 208 2991 mihi
223 2948 282 2993 non
296 2930 413 3005 probari
428 2931 560 2991 electoris
576 2933 741 3007 consilium,
767 2947 866 2990 verum
889 2948 935 2991 me
957 2934 1156 3006 experturum,
1180 2929 1313 3002 quisnam
1348 2919 1352 2926 “

141 3037 194 3110 sit,
218 3037 352 3109 quintii
366 3037 397 3094 in
416 3034 517 3095 faciem
540 3035 721 3096 malefactum
744 3038 863 3111 aliquod
876 3038 1020 3097 intentare
1034 3035 1148 3096 audeat.
1174 3032 1314 3113 'Hortata

141 3148 237 3202 amen
250 3141 372 3200 Adriani
386 3143 516 3201 comitem
531 3157 549 3200 a
564 3142 677 3203 Nassau
692 3142 760 3217 adii,
778 3144 827 3216 qui
841 3143 871 3213 in
884 3142 1004 3202 eandem
1017 3156 1127 3201 mecum
1143 3141 1313 3200 senteutiam

121 3267 124 3271 ·
141 3246 262 3321 pedibus
278 3245 352 3319 ibat,
370 3247 467 3319 sicque
481 3263 528 3306 res
543 3249 629 3323 paulo
645 3247 803 3308 sedatiores
816 3248 886 3306 visse
901 3251 976 3305 sunt.

230 3351 286 3424 Da,
305 3349 417 3410 domine
432 3352 451 3410 J
452 3367 512 3426 esu,
528 3353 704 3413 uoluntatem
718 3357 829 3411 rectam
844 3357 873 3410 et
887 3351 978 3410 vires!

231 3454 342 3516 Eadem
378 3471 471 3516 comes
498 3474 516 3516 a
539 3457 732 3530 Wigteustein
767 3457 882 3516 nominc
916 3455 1122 3528 archiepiscopi
1151 3455 1318 3515 trevirensis

144 3559 266 3630 Joennis
279 3560 317 3620 ab
330 3560 479 3638 isenburg,
503 3567 535 3621 ut
549 3562 588 3622 ad
602 3562 703 3621 boram
717 3564 847 3636 omnam
862 3577 954 3621 coenae
970 3561 1060 3636 ipsius
1076 3562 1217 3621 iuteresse
1230 3557 1316 3618 relle-

144 3680 218 3738 mus‚
233 3669 325 3738 rogat.
518 3667 525 3674 ‘
1177 3704 1188 3736 ,

234 3769 345 3831 Eadem
368 3771 498 3846 comitem
521 3771 557 3830 ab
581 3771 734 3845 Eberstein
756 3776 786 3830 et
806 3773 977 3832 auunculum
999 3778 1130 3833 nostrum
1150 3771 1282 3830 comitem
1301 3785 1320 3828 a

145 3873 308 3936 Wertbeim
323 3873 441 3948 Georgii
462 3873 552 3934 filium
572 3877 763 3936 convenimus.
802 3875 938 3936 Videmus
957 3877 1142 3937 Wilhelmum
1164 3876 1200 3936 de
1215 3873 1319 3937 Grum-

145 3979 220 4040 bacb
236 3982 266 4038 et
280 3978 457 4062 Hermanum
472 3981 508 4041 de
523 3981 723 4055 Ameluugsen.
841 3979 844 3984 ’
1256 4037 1260 4040 .

235 4083 359 4144 Volebat
373 4084 518 4144 Adrianus
539 4103 557 4145 a
572 4086 708 4162 Zertzen,
732 4091 765 4145 ut
786 4084 929 4145 dominam
943 4086 1102 4160 principem
1121 4085 1319 4156 convenirem

148 4195 179 4250 at
201 4187 279 4262 quod
303 4189 403 4258 adhuc
421 4190 474 4249 sub
495 4191 631 4252 concione
653 4206 736 4252 sacra
758 4190 865 4252 ibidem
884 4196 976 4265 esset,
1000 4189 1038 4251 ad
1058 4191 1213 4265 hospitium
1227 4202 1322 4249 meum

148 4294 265 4357 diremi.

131 4463 137 4478 ,
238 4398 432 4468 Licentiatum
446 4398 597 4460 Nicolaum
611 4401 708 4460 Maier
728 4399 851 4475 prandio
869 4399 1034 4472 excepimus
1049 4415 1114 4460 cum
1129 4414 1164 4459 eo
1178 4402 1209 4459 et
1222 4395 1321 4458 amici·

150 4504 220 4564 tiam
233 4505 365 4565 ineuntes
381 4511 409 4567 et
424 4505 487 4578 ejus
502 4505 622 4566 consilio
638 4504 826 4567 amoberrimo
841 4505 894 4565 usi.

194 4619 310 4665 Wetdook.
1083 4611 1109 4668 2
1183 4655 1185 4659 -
