3017 5225
202 582 275 641 benc
295 582 439 642 voluerint
458 583 560 641 borum
578 580 731 641 rerbcmm
750 594 813 638 esse
834 576 1017 649 sententiam,
1040 574 1130 635 Pater
1149 576 1242 650 major
1259 581 1379 635 maest

203 684 278 757 Quis
298 674 424 747 coeleste'
434 702 554 762 regnum
574 692 604 746 et
624 686 717 760 gloria
735 685 781 743 bis
799 680 983 744 inferioribus
1005 682 1171 756 gauderetis
1185 682 1284 754 utique
1299 680 1380 755 quod

202 790 233 847 in
247 792 384 864 majorem
399 798 552 852 transeam.
584 790 654 849 Haec
672 788 813 865 expositio
832 793 929 848 autam
950 803 1003 848 neo
1021 786 1104 847 mala
1117 804 1171 847 nec
1190 788 1308 861 quidem
1326 788 1379 845 im-

203 895 418 968 probanda'est
450 895 523 955 Mihi
538 900 633 955 autem
647 895 757 968 uideor,
779 895 804 953 si
818 891 910 953 verba
924 892 1032 952 Christi
1047 892 1213 966 diligentius
1227 894 1378 954 excutiun-

203 1004 260 1075 tur,
277 1000 378 1059 borum
394 1003 546 1074 genuinam
559 1000 634 1059 banc
648 1000 741 1061 videri
754 1000 936 1059 sententium.
965 996 1040 1069 Qum
1055 1001 1139 1071 pater
1153 998 1246 1070 major
1260 1013 1308 1055 me
1322 1001 1377 1070 est,

203 1098 368 1177 gauderetis
383 1106 491 1179 utiquc,
504 1106 593 1178 ,quod
608 1105 800 1166 obedientiam
813 1104 1048 1199 patripraestam,
1072 1103 1145 1161 sicut
1163 1102 1201 1161 ab
1222 1102 1287 1175 ipsc
1300 1117 1377 1175 prse-

204 1210 366 1269 ordinatum
386 1215 439 1285 est,
462 1217 492 1269 et
514 1226 600 1285 opus,
624 1210 701 1283 quod
721 1211 784 1283 ipse
806 1209 875 1269 mibi
893 1208 1037 1283 ἱιιιίιιιιίι,1
1049 1204 1197 1281 perficiam
1215 1212 1245 1265 et
1264 1206 1296 1265 in
1312 1212 1380 1265 'mm

205 1315 388 1373 excellentem
410 1315 531 1388 gloriam
551 1330 736 1374 concessurus
757 1315 795 1374 ud
815 1314 964 1373 dexteram
983 1311 1040 1371 Dei
1060 1313 1152 1384 patris
1171 1317 1302 1371 revertar
1324 1316 1378 1371 ete.

155 1420 157 1430 '
204 1418 319 1481 Monuit
338 1419 448 1493 et‘boc,
465 1418 619 1492 discipulos
637 1420 751 1492 quidem
773 1420 918 1480 dominnm
939 1434 1049 1477 summo
1068 1427 1167 1475 amore
1187 1420 1380 1489 prosequutus

204 1512 306 1596 inisse,
330 1524 463 1585 nimirum
485 1524 515 1582 in
531 1525 629 1598 primo
652 1525 757 1599 gradm
780 1524 836 1583 boc
859 1528 917 1598 est,
940 1524 983 1583 its
1006 1521 1152 1581 Christum
1172 1507 1323 1594 amabant,
1347 1526 1382 1578 ut

205 1629 360 1702 prasentia
378 1635 408 1687 ct
426 1630 632 1690 consuetudine
652 1646 705 1689 sua
724 1627 831 1688 diutius
851 1608 909 1687 irui
926 1632 1074 1701 cuperent.
1110 1627 1208 1698 Quare
1228 1624 1319 1705 etob
1337 1624 1380 1697 id,

207 1731 283 1805 quod
298 1732 394 1791 abitus
408 1734 451 1791 sui
466 1735 638 1793 mentionem
652 1732 777 1807 fecisset,
793 1733 935 1793 tristiores
949 1731 1058 1791 redditi
1071 1736 1148 1791 sunt.
1171 1732 1270 1790 Minus
1283 1734 1381 1789 autem

196 1836 331 1896 rsecundo
351 1839 457 1897 arnonis
476 1836 578 1911 gradun
599 1837 804 1911 satisfecerint,
827 1820 949 1910 scilieet,
973 1836 1041 1909 quia
1059 1835 1251 1895 obedientiam
1272 1824 1380 1894 domini

207 1957 276 2015 erga
298 1947 423 2016 patrem,
448 1947 479 2001 et
498 1958 574 2016 eam,
597 1945 628 2003 in
651 1958 735 2017 quam
758 1942 888 2002 Christus
907 1935 1080 2000 introiturus
1100 1948 1164 1999 erat
1183 1940 1306 2014 gloriam
1321 1936 1381 1999 riou

207 2048 266 2109 suis
286 2044 436 2107 affectibus
454 2054 483 2107 et
504 2050 647 2130 corporali
670 2048 952 2123 Obristiprsesentia
973 2046 1162 2120 praecluum.
1201 2046 1283 2105 Dixit
1303 2046 1382 2105 enim

208 2150 338 2223 Obrirtm
350 2150 540 2212 «Gauderetis
552 2154 660 2226 utique,
676 2154 744 2225 quia
755 2157 840 2225 pater
851 2153 999 2225 majorme
1010 2156 1088 2225 est«,
1099 2152 1182 2223 quasi
1193 2150 1280 2223 dicat,
1290 2150 1382 2209 «Non

206 2256 246 2316 ob
264 2256 300 2315 id·
317 2257 447 2317 abiturus
468 2272 540 2329 sum,
564 2257 642 2327 quod
656 2257 744 2315 nolim
759 2254 867 2315 diutius
881 2255 1028 2316 uobiscum
1041 2257 1073 2315 in
1086 2257 1174 2321 terris
1189 2255 1304 2330 (imore,
1328 2258 1382 2313 aut

207 2358 283 2433 quod
298 2361 387 2419 vestri
402 2364 541 2432 pertoesus
557 2360 623 2430 sim3
641 2359 691 2418 sed
703 2360 773 2432 'quia
788 2365 871 2434 pater
886 2362 979 2434 major
993 2378 1049 2434 me,
1061 2366 1145 2420 vocat
1157 2377 1203 2420 me
1217 2361 1383 2420 obedientia
1505 2445 1506 2448 Ἴ

207 2466 285 2539 patri
298 2464 474 2538 prestanda,
497 2470 529 2523 ut
544 2480 620 2537 opus
630 2464 836 2537 redemptionis
855 2465 1030 2538 compleatur
1050 2470 1080 2525 et
1098 2465 1137 2525 ad
1154 2467 1280 2537 priorem
1294 2464 1381 2523 clari-

207 2574 297 2629 tatem
311 2574 341 2652 et
355 2574 485 2643 paratam
500 2566 569 2626 mibi
584 2568 704 2642 gloriam
719 2568 881 2630 concedam.
920 2569 1000 2645 Haeo,
1022 2571 1150 2646 inquam,
1170 2571 1198 2633 si
1211 2569 1301 2645 probe
1316 2586 1383 2646 per·

208 2673 380 2750 perderetis,
399 2674 568 2747 gauderetis
588 2676 683 2747 potius
702 2691 789 2748 quam
808 2676 1080 2736 connumerant«
1119 2676 1234 2735 Docens
1249 2675 1383 2736 dominus
1505 2650 1506 2735 f

208 2780 263 2838 boc
278 2779 416 2854 exemplo,
440 2780 517 2852 quod
537 2768 700 2841 obedientia
720 2785 749 2840 et
767 2781 807 2854 id,
830 2782 862 2840 in
883 2781 960 2854 quod
980 2782 1082 2840 missus
1102 2787 1174 2855 erat,
1198 2782 1290 2840 amori
1310 2796 1383 2854 erga

209 2884 363 2959 discipulos
378 2890 407 2944 ct
421 2869 679 2946 caruisaffectibus
695 2887 830 2960 praetulit.
861 2886 936 2946 Nam
951 2885 1061 2946 sciebat
1079 2887 1121 2944 sic
1136 2887 1231 2946 Deum
1245 2886 1382 2946 dilexisse

193 2987 357 3063 mundum,
380 2995 412 3048 ιιι
430 2989 504 3060 bunc
523 2977 613 3050 filium
633 3007 716 3051 suum
736 2990 857 3063 dederit,
882 3007 939 3062 quo
959 2992 1061 3066 omnis,
1086 2992 1135 3064 qui
1154 2991 1247 3053 eredit
1259 2992 1292 3050 in
1305 3007 1382 3066 eum,

209 3110 267 3153 non
282 3100 391 3169 pereat,
415 3095 469 3162 sed,
486 3096 572 3156 ιίιιιιιι
593 3087 730 3156 aeternam
751 3075 872 3166 babeat}
896 3111 949 3152 uos
968 3095 1024 3154 deo
1042 3095 1107 3169 plus
1126 3095 1243 3156 obedire
1263 3096 1382 3168 debere,

210 3205 240 3258 et
254 3215 338 3273 quam
350 3187 710 3274 ‘unicuique'vocetionem
728 3203 790 3275 ipse
804 3199 976 3274 injunxerit,
998 3200 1112 3272 priuato
1131 3217 1228 3260 amore
1248 3207 1279 3260 et
1296 3199 1383 3260 affec·

166 3325 180 3334 -
210 3303 285 3364 tibus
305 3307 442 3379 majorem
463 3307 567 3366 ducere
581 3305 698 3366 debere.
729 3305 814 3378 nam,
835 3306 928 3379 inquit
942 3303 1099 3378 Masculus,
1120 3303 1204 3364 amor
1222 3307 1302 3364 intra
1316 3321 1383 3363 nor-

208 3425 287 3491 mam
301 3411 421 3483 justitiae
435 3418 612 3486 permaneat.
643 3411 777 3485 Exempli
790 3411 892 3485 gratia.
914 3409 1013 3470 Pater
1027 3427 1068 3484 es,
1091 3410 1199 3469 liberos
1213 3409 1302 3468 chara
1315 3425 1383 3467 con·

207 3514 281 3596 Jugii
299 3517 420 3589 pignora
438 3521 538 3576 tenere
558 3515 665 3588 diluis,
685 3517 765 3588 justa
787 3520 832 3576 est
852 3519 882 3573 et
904 3515 987 3588 aequa
1009 3516 1071 3573 baee
1091 3516 1210 3588 storgia.
1246 3504 1384 3574 stamen

148 3637 151 3643 ·
210 3619 320 3679 itaeos
342 3626 450 3693 amato,
474 3637 511 3680 ne
530 3623 608 3694 ipsos
629 3619 692 3678 Dec
711 3618 851 3693 praeieras
870 3619 977 3677 stillis
995 3626 1097 3678 conus
1117 3618 1172 3678 Dei
1193 3621 1384 3680 mandataet

206 3723 326 3798 iustitiae
351 3740 480 3785 normam
502 3740 570 3784 cave
597 3725 759 3784 conniveas.
802 3724 920 3781 Amicus
941 3724 994 3782 tibi
1015 3725 1119 3799 aliquis
1141 3729 1200 3797 est,
1223 3725 1277 3798 tibi
1299 3717 1383 3783 uni‘ce

211 3827 299 3903 cordi,
316 3831 362 3888 oiri
376 3831 407 3889 in
422 3829 552 3888 omnibus
568 3844 675 3888 morem
691 3843 792 3904 gerere
807 3829 918 3900 cupias·
937 3820 978 3887 lt
992 3846 1057 3888 eum
1071 3831 1233 3904 itaumato,
1248 3831 1384 3889 neamioi

210 3949 297 3999 eausa
316 3934 371 3992 Dci
391 3935 473 4007 bam,
496 3935 599 3992 animae
619 3939 675 3992 tua
696 3933 863 4007 periculum,
886 3934 937 3992 aut
945 3933 1040 4008 turpe
1059 3935 1130 4014 quid
1150 3936 1194 3994 vel
1214 3932 1318 3994 subeas
1337 3934 1385 3994 vel

209 4041 379 4118 committas.
410 4039 501 4119 Filius
520 4037 642 4100 familias
662 4055 702 4112 es,
726 4040 769 4098 sio
787 4043 901 4114 patrem
920 4041 1070 4113 reveritor,
1094 4053 1131 4098 ne
1145 4045 1242 4098 tamen
1256 4039 1384 4098 scelestis

210 4145 286 4203 illius
300 4145 392 4218 patris
406 4143 544 4202 honorem
562 4144 721 4203 imminuas.
755 4145 843 4218 Item,
865 4146 890 4202 si
909 4146 967 4218 qua
986 4143 1025 4202 ad
1044 4140 1100 4201 Dei
1119 4144 1240 4216 gloriam
1260 4149 1310 4202 aut
1329 4142 1385 4202 rei-

210 4236 333 4324 publicae
341 4246 511 4322 proiectum
531 4263 677 4324 vocemur,
702 4266 867 4324 quanquam
885 4254 1057 4309 uxoremst
1077 4248 1184 4307 liberos
1205 4230 1333 4329 amemus
1355 4252 1386 4304 et

208 4353 326 4426 nostris,
349 4359 382 4412 ut
400 4368 513 4428 acquum
534 4361 591 4429 cst,
613 4355 688 4416 bene
707 4370 833 4428 praeesse
850 4355 1008 4426 cupiamus,
1031 4358 1127 4411 amen
1146 4353 1191 4411 bis
1211 4351 1384 4427 posthabitis

212 4457 325 4524 tonino
338 4458 476 4524 honorem
490 4460 587 4547 demus
602 4465 631 4520 et
648 4475 801 4540 paramus
815 4439 938 4522 scant.
977 4457 1128 4531 Sbniliter,
1142 4459 1177 4536 si
1196 4473 1269 4518 dux
1287 4455 1384 4530 perie-
