3017 5225
774 417 819 482 90

205 603 290 662 uobis
312 617 331 661 a
350 580 580 662 Breidciariensd
607 599 746 687 monacho
772 597 877 660 ιιιιιιι
904 602 1066 656 recenseret
1087 595 1208 668 ιιιιιιι
1229 590 1378 652 consilium

206 723 292 780 super
313 704 367 766 hac
388 711 564 780 repeteret.

294 812 344 885 xiij
362 811 435 885 Maji
460 811 491 868 in
510 810 618 885 mmplo
638 810 783 888 Minopum
798 807 826 866 d.
843 807 1012 869 Leouardue
1035 824 1071 868 ex
1086 823 1147 881 cap.
1171 807 1264 866 Marci
1279 803 1378 863 murno

206 915 353 976 historiam
375 914 551 974 ascensionis
574 912 723 972 dominura
737 903 919 986 'perpulchre
943 913 1137 986 concinnavit,
1166 927 1200 993 ac
1214 909 1323 983 iuquit,
1339 908 1381 968 Et

206 1019 338 1078 dominus
353 1024 504 1094 postquam
518 1019 631 1078 locutus
646 1024 691 1077 est
705 1018 770 1076 iliis.
805 1017 889 1092 Quid,
905 1019 1007 1092 inquit,
1024 1019 1135 1078 loeutus
1151 1021 1196 1078 est
1210 1013 1272 1076 eis?
1288 1014 1378 1072 Nimi-

205 1139 269 1182 rum
284 1137 334 1183 eos
354 1124 384 1195 in
408 1139 520 1182 omnem
540 1123 647 1182 terram
672 1121 751 1182 abire
771 1121 809 1186 ,ιι
823 1093 1001 1196 evangelium
1023 1124 1100 1182 omni
1117 1126 1257 1180 meatuum
1272 1118 1379 1194 praedi-

205 1245 272 1288 care
284 1230 371 1301 jussit
385 1233 439 1287 etc.
464 1229 598 1288 Sublatns
612 1235 657 1289 eet
671 1229 702 1287 iu
716 1227 814 1301 coeloe,
832 1233 861 1292 ιι
875 1227 906 1287 id
921 1243 978 1286 non
994 1225 1196 1300 adJuvantibus
1211 1224 1335 1296 angelis,
1348 1228 1380 1281 ιι

205 1312 334 1392 nonnulli
349 1334 478 1393 haeretici
493 1335 679 1394 somniarunt.
704 1333 761 1393 Sed
776 1325 849 1390 siout
863 1331 992 1392 Christus
1004 1347 1106 1407 passus
1120 1335 1165 1390 est
1179 1335 1208 1388 et
1219 1327 1380 1388 resurrexit

205 1454 259 1512 pro
282 1438 364 1499 nobis
385 1424 643 1515 vctuepmpua,
665 1440 705 1498 ita
725 1453 838 1524 quoque
858 1439 982 1512 gloriose
1003 1436 1134 1518 ascendit
1158 1435 1196 1496 ad
1210 1434 1309 1494 coelos.
1341 1431 1380 1491 Et

205 1542 275 1617 quid
296 1555 392 1602 rerum
413 1544 453 1604 ibi
474 1543 556 1618 agit?
596 1542 683 1602 Sedet
705 1541 744 1602 ad
760 1542 907 1602 dexteram
928 1542 1018 1616 patrie
1036 1544 1070 1600 'in
1084 1539 1234 1614 maiestate
1250 1537 1379 1612 ejusdem

206 1663 291 1707 verus
305 1643 376 1708 deus
391 1653 420 1707 et
434 1648 519 1708 homo
534 1665 588 1722 pro
614 1625 697 1707 uobis
712 1647 916 1728 interpollens,
940 1647 1034 1724 graba
1058 1651 1154 1705 antem
1168 1661 1220 1704 sua
1236 1649 1265 1704 et
1280 1645 1379 1704 divina

206 1754 363 1838 praesentia
376 1753 525 1814 nobiscum
539 1751 653 1812 futurus
668 1744 764 1826 usque
775 1751 813 1813 ad
828 1752 1099 1813 consummationem
1114 1750 1211 1808 seculi.
1250 1749 1311 1824 Ipsi
1326 1764 1378 1807 au·

196 1867 265 1920 tem
277 1863 415 1924 exeuntes
426 1857 659 1934 praedicabantin
669 1857 799 1918 omuibus
808 1857 878 1917 locis
888 1862 942 1936 eto.
958 1855 1013 1916 Hic
1024 1855 1162 1930 videmus,
1176 1839 1378 1928 induitquam

206 1965 322 2039 domino
343 1979 421 2036 eura
443 1963 539 2037 fuerit,
562 1963 715 2039 praedari
737 1947 916 2036 evangelium
935 1967 964 2020 et
985 1961 1022 2020 id*
1035 1963 1144 2035 ipsum,
1167 1964 1200 2020 ιι
1215 1975 1304 2033 supra
1319 1960 1377 2019 dio·

207 2077 268 2129 tum
283 2075 336 2144 est,
353 2071 429 2130 omui
444 2076 592 2130 ereatura.
616 2071 672 2129 Hic
687 2075 782 2138 autem
798 2083 850 2126 nec
864 2067 909 2125 vir
924 2081 976 2126 neo
990 2064 1117 2140 immina,
1133 2081 1185 2126 nec
1199 2081 1309 2140 servus,
1326 2083 1391 2126 nec.

205 2191 325 2250 pauper,
341 2190 394 2235 nec
403 2174 491 2250 dives,
502 2183 551 2237 aut
561 2174 679 2236 Graecus
687 2181 737 2236 ιιι
745 2173 874 2246 Judaens,
884 2173 998 2246 Scytha,
1007 2170 1166 2230 Germanus
1176 2177 1227 2230 aut
1236 2169 1378 2246 barbarus

208 2261 358 2356 excipitur.
397 2282 470 2354 Quia
485 2296 543 2341 ιοι
559 2287 603 2342 ιιι
617 2297 806 2355 personarum
820 2279 948 2354 acceptio
963 2277 1041 2352 apud
1055 2276 1162 2351 Deum,
1187 2275 1238 2334 sed
1252 2291 1287 2334 ex
1302 2277 1379 2336 omni

208 2393 294 2462 geute
309 2392 338 2445 et
352 2392 432 2446 terra
446 2387 549 2459 recipit
563 2399 631 2458 nos,
661 2388 686 2445 si
705 2385 791 2445 modo
814 2383 928 2443 Obristo
952 2383 1015 2456 quis
1035 2383 1144 2441 hereat
1163 2389 1192 2440 et
1211 2380 1301 2440 verbo
1317 2383 1378 2454 ejus

208 2492 328 2552 audiens
343 2489 439 2549 inerit.
462 2489 503 2550 Et
517 2494 597 2550 tanto
619 2489 696 2549 bono
712 2505 794 2549 nemo
810 2471 979 2561 excluditur,
1003 2489 1058 2570 nisi
1080 2487 1129 2572 qui
1143 2486 1309 2546 incredulus
1325 2491 1376 2546 est.

208 2596 296 2656 Jubet
309 2600 407 2654 autem
421 2593 573 2669 predicari
587 2594 775 2669 Evangelium
792 2600 820 2655 ιι
834 2595 888 2655 hoc
904 2595 1026 2655 ιιιιιιι.
1060 2592 1140 2652 Sicut
1155 2593 1229 2653 enim
1244 2609 1319 2651 unus
1334 2599 1378 2653 cst

206 2681 288 2761 Deus
303 2705 333 2759 ιι
347 2716 420 2759 unus
435 2698 576 2760 mediator
590 2698 676 2761 Jesus
686 2698 826 2774 Christus,
843 2702 884 2759 ita
900 2714 951 2760 nec
967 2706 1011 2759 est
1025 2714 1078 2759 nec
1093 2700 1150 2758 erit
1163 2698 1294 2775 nisiuna
1308 2713 1377 2757 vera

208 2812 238 2865 ct
251 2809 393 2881 perpetua
407 2806 508 2878 religio
524 2812 554 2865 ιι
568 2807 668 2889 unicus
688 2820 773 2877 verus
789 2804 843 2865 Dei
859 2805 960 2879 cultos,
983 2788 1101 2863 credere
1117 2802 1225 2867 scilicet
1238 2804 1270 2861 in
1285 2804 1376 2863 Deum

209 2917 321 2986 patrem
338 2909 367 2969 ιι
382 2926 466 2984 quem
481 2911 558 2969 misit
572 2908 662 2969 filium
677 2914 708 2969 in
722 2917 822 2978 nostra
838 2926 923 2969 carne
939 2909 975 2969 ad
993 2907 1140 2968 dexteram
1155 2909 1216 2981 ejus
1231 2908 1376 2968 sedentem

123 3061 125 3064 .
208 3016 308 3074 Jesum
322 3014 477 3075 dominum.
516 3015 599 3075 Hunc
612 3014 761 3089 budemus
777 3030 843 3087 cum
856 3020 940 3096 patre
956 3019 985 3073 et
1000 3030 1023 3071 s.
1040 3013 1144 3086 spiritu
1158 3014 1186 3071 in
1203 3014 1377 3088 sempiterna

208 3117 314 3180 secula.
348 3118 430 3179 Grati
445 3121 532 3196 igitur
548 3121 635 3204 simus
650 3120 765 3205 domino
781 3119 817 3178 de
832 3120 957 3192 gloriosa
972 3134 1024 3177 sna
1038 3118 1205 3177 ascensione
1220 3123 1249 3177 et
1263 3123 1375 3191 satage

179 3240 270 3301 ‘mus
286 3241 351 3283 eum
367 3240 410 3298 eo,
427 3241 483 3298 quo
503 3224 641 3300 ascendit,
663 3228 752 3299 sequi.
792 3224 933 3289 Recitavit
953 3230 982 3286 et
996 3223 1194 3297 praescriptam
1207 3222 1375 3293 orationem,

207 3330 440 3405 quaerebamus,
463 3335 495 3389 ut
510 3329 638 3389 Christus
659 3330 696 3389 ad
719 3331 850 3392 dextram
865 3330 921 3387 Dei
936 3329 1026 3403 patris
1042 3328 1144 3387 sedens
1164 3326 1273 3385 animos
1288 3316 1376 3408 omni-

200 3454 255 3504 um
270 3443 397 3496 nostrum
413 3453 463 3511 eo,
480 3435 530 3495 ubi
544 3438 606 3510 ipse
621 3443 679 3509 est,
701 3436 826 3511 dirigere
847 3414 1029 3508 dignaretur,
1055 3439 1085 3491 et
1104 3431 1219 3509 iuterim
1242 3430 1325 3490 nobis
1348 3431 1376 3488 in

190 3520 353 3608 ¹ternosue
369 3544 485 3612 numine
500 3542 642 3616 propitius
657 3542 757 3601 adesse
773 3540 850 3599 velit.

243 3681 250 3702 ι
296 3648 387 3705 Fama
400 3644 493 3704 fertur
510 3623 631 3704 Oaesari's
646 3643 837 3716 veredarium,
854 3646 903 3717 qui
918 3644 993 3703 inter
1008 3642 1128 3703 Romam
1149 3645 1178 3700 et
1192 3640 1375 3701 Mecbliniam

208 3752 348 3812 cursitare
363 3750 518 3822 consuevit,
536 3764 594 3807 non
609 3748 709 3822 procul
725 3764 743 3807 a
758 3726 843 3821 spira
857 3749 1040 3823 vangionum
1052 3751 1082 3806 et
1095 3748 1247 3808 literarum-
1259 3745 1376 3805 fascicu-

206 3858 242 3916 lis
258 3862 287 3915 ιι
301 3856 432 3928 nummis,
450 3856 547 3915 nescio
563 3871 581 3913 a
596 3854 706 3928 quibus,
724 3836 840 3913 exutum
855 3869 926 3911 esse.
980 3874 986 3923 j

297 3960 367 4020 cnm
392 3960 454 4019 dies
476 3959 547 4019 does
568 3946 820 4025 'intermisissemns
842 3956 930 4017 bodio
952 3974 1050 4016 rursus
1066 3959 1142 4033 apud
1157 3958 1376 4018 Atrebateusem

200 4066 389 4126 sollicitatum
404 4066 523 4123 ibamus.
548 4066 656 4124 Verum
669 4065 694 4123 is
710 4069 777 4126 ante
788 4064 942 4123 adventum
957 4048 1086 4123 uerbum
1102 4063 1140 4123 ad
1155 4068 1267 4138 petrem
1279 4068 1376 4145 trans

189 4155 290 4229 ierat.
333 4171 436 4251 itaque
450 4170 481 4228 in
496 4169 605 4231 aedibus
619 4170 761 4245 Fuggeri,
788 4154 811 4230 si
827 4167 901 4228 forte
917 4170 1016 4241 ιιιιιι,
1034 4168 1287 4241 praestolabamur·
1321 4168 1376 4229 Sed
1403 4169 1405 4173 ’

203 4277 257 4349 1ιιιι
273 4275 421 4337 didicimus
433 4292 501 4335 eum
516 4275 620 4335 ibidem
636 4275 809 4351 pransurum
825 4274 897 4347 esse,
914 4290 946 4331 re
961 4272 1065 4333 iniecta
1077 4264 1230 4345 hospitium
1244 4275 1374 4347 petimus.

207 4382 253 4441 Ne
267 4386 363 4441 tamen
377 4371 460 4439 omne
476 4382 569 4441 oleum
585 4386 614 4438 et
629 4396 747 4456 operam
763 4381 957 4454 perderemus,
981 4377 1136 4438 Wobados
1153 4392 1217 4435 oum
1232 4379 1374 4439 cubicula-

208 4488 253 4547 rie
267 4487 394 4563 episcopi
409 4465 476 4561 egit,
493 4494 525 4546 ιι
539 4486 616 4561 apud
632 4487 882 4568 praesulemsuum
895 4484 988 4555 tnostri
1009 4483 1180 4553 mentionem
1194 4480 1313 4558 faceret,
1329 4500 1374 4569 ro·
