3017 5225
703 369 767 436 ¹43

235 547 400 624 Aprandio
419 551 497 610 inter
519 549 690 613 famulitium
713 568 778 611 cum
797 554 930 629 episcopo
950 553 981 612 in
1000 571 1050 613 rus
1072 552 1317 628 obequitabamus,

145 652 197 712 sed
218 653 291 712 nihil
313 671 376 714 cum
399 673 434 717 eo
457 654 493 715 de
515 657 560 716 his
581 653 681 732 rebus,
706 659 802 716 nescio
827 674 883 732 quo
904 659 987 732 genio
1012 657 1206 734 repugnante,
1230 659 1317 718 locuti

145 773 255 818 sumus.
791 842 795 848 Ι

237 863 347 922 Eadem
361 864 392 922 in
406 864 470 923 loco
485 865 609 938 quodam
623 866 795 942 paludinoso
815 870 853 930 ud
873 887 952 934 oram
967 869 1039 942 Lyci
1053 867 1176 928 fluminis
1190 870 1319 929 loannes

145 984 163 1027 a
180 954 342 1028 Schonstad
357 973 386 1027 et
401 985 455 1042 ego
468 967 530 1028 tere
545 970 685 1032 submersi
700 991 823 1052 eramus,
839 978 895 1036 nisi
909 991 962 1035 nos
976 976 1137 1051 propitium·
1147 974 1202 1036 Dei
1213 991 1318 1034 numen

145 1072 205 1150 (cui
219 1069 283 1132 laus
299 1078 328 1132 et
343 1063 501 1147 gratiarum
516 1073 604 1151 actio)
622 1087 776 1140 servasset.

235 1177 409 1263 Volebamus
424 1180 566 1242 loannem
581 1183 660 1243 illum
671 1184 808 1246 Noricum
822 1189 985 1260 convenire,
1002 1203 1101 1247 verum
1116 1187 1140 1246 is
1155 1152 1218 1246 aliis
1233 1199 1316 1243 occu-

143 1269 230 1357 patus
245 1291 318 1345 erat

234 1390 345 1451 Eadem
366 1391 533 1455 Hermanno
558 1393 653 1454 Nellio
678 1395 857 1471 herbarium,
886 1398 955 1456 item
977 1395 1082 1456 librum
1108 1392 1268 1471 Bibliandri
1288 1399 1318 1453 et

142 1495 305 1570 Bullingeri
326 1513 379 1570 per
401 1499 533 1557 nuncium
553 1516 572 1558 a
595 1499 766 1576 Naumburg
784 1501 1002 1560 transmisimus.
1041 1501 1168 1564 Joannes
1190 1514 1317 1560 comesa

143 1599 274 1675 Retberg
289 1601 436 1681 nobiscum
451 1609 548 1663 coenat
548 1621 582 1663 us
596 1609 649 1663 est.
766 1600 770 1606 ’

234 1706 262 1778 uj
278 1706 383 1765 Junii
374 1710 527 1782 intemplo
542 1710 688 1769 Minorum
704 1711 890 1771 concionator
904 1711 1021 1784 quidam
1035 1725 1193 1770 sermonem
1209 1687 1316 1784 populo

143 1807 213 1869 fecit
228 1827 264 1870 ex
280 1815 298 1870 2
315 1828 377 1886 cap.
393 1813 497 1873 docum
514 1815 638 1889 apostoli
653 1816 782 1889 epistolae
802 1820 828 1875 l.
857 1815 973 1876 »Fiuoli
988 1818 1058 1888 mei,
1080 1814 1250 1875 haecscribo
1265 1831 1315 1875 vo·

142 1917 197 1991 bis,
214 1933 250 1977 ne
264 1920 397 1992 peccetis,
416 1921 483 1978 etsi
500 1920 564 1993 quis
579 1921 748 1994 peccauerit,
767 1920 936 1980 advocatum
951 1909 1087 1980 habemus
1102 1921 1179 1996 apud
1194 1925 1315 1994 patrcm,

142 2021 243 2081 Jesum
259 2021 404 2082 Christum
416 2025 536 2099 justum,
552 2026 657 2100 etipse
672 2031 717 2084 est
730 2026 899 2099 propitiatio
913 2042 967 2100 pro
982 2027 1107 2100 peccatis
1127 2025 1242 2099 nostris,
1258 2041 1316 2083 aon

143 2143 198 2199 pro
213 2128 430 2200 nosuisautem
444 2135 569 2204 tantum,
594 2129 645 2212 scd
665 2131 749 2189 otiam
766 2113 921 2203 pro'totius
935 2131 1044 2190 mundi.
1059 2131 1112 2188 .Et
1126 2146 1179 2203 per
1194 2129 1249 2187 hoc
1263 2131 1316 2188 sci-

144 2247 217 2306 mus,
234 2230 314 2306 quod
327 2235 509 2307 cognovimus
523 2251 597 2309 eum,
614 2236 639 2294 si
651 2236 732 2308 jussa
746 2235 1045 2296 illiusobservamus«
1063 2234 1118 2293 Hic
1132 2235 1317 2293 concionator

144 2335 255 2411 docuit,
271 2336 342 2412 quid
357 2338 384 2397 d.
400 2339 419 2398 J
421 2356 527 2399 oannes
542 2340 663 2415 singulis
678 2342 832 2414 scripserit.
871 2342 923 2400 His
939 2345 1034 2400 autem
1050 2337 1144 2397 verbis
1158 2339 1240 2425 illum
1254 2355 1314 2398 om·

141 2458 194 2501 nas
209 2425 380 2503 christianos
400 2445 507 2518 alloqui
531 2447 586 2519 ait,
605 2445 708 2518 jubens
728 2464 781 2506 nos
802 2447 958 2519 apeocatis
973 2461 1084 2504 cavere.
1123 2444 1315 2517 Posteaquam

142 2547 293 2621 autemid,
310 2539 447 2636 quamdiu
468 2528 584 2609 carnem
604 2557 633 2610 et
653 2554 821 2627 sanguinem
846 2553 875 2613 in
890 2552 945 2612 hoo
959 2550 1065 2612 mundo
1080 2535 1313 2625 circumferimus,

142 2650 207 2711 fieri
222 2656 334 2730 nequit,
361 2656 430 2729 quin
446 2640 555 2717 alicubi
575 2674 739 2732 peccemus,
765 2659 820 2717 boc
838 2658 865 2717 d.
888 2660 1016 2719 loannes
1036 2656 1156 2715 remedii
1178 2656 1313 2731 ostendit,

142 2759 252 2819 seilicet
266 2761 344 2833 quod
358 2761 514 2821 habeamus
530 2764 608 2837 apud
614 2763 707 2822 Deum
722 2763 890 2823 advocatum
906 2763 1028 2836 unicum,
1044 2778 1101 2820 non
1116 2759 1186 2819 dicit
1200 2761 1313 2834 multos,

142 2869 173 2922 et
187 2880 224 2931 ex
237 2864 292 2924 hoc
306 2866 369 2928 loco
385 2863 569 2927 concionator
583 2869 632 2927 ille
647 2885 714 2943 eos,
739 2868 789 2941 qui
812 2868 954 2928 aliast
903 2874 954 2927 aut
973 2869 1070 2941 plures
1091 2865 1213 2929 advocat
1214 2882 1245 2924 os
1260 2866 1313 2923 im·

142 2951 259 3043 plorant
288 2976 355 3030 aut
352 2972 557 3046 implorandos
580 2977 699 3048 putant,
729 2973 910 3033 severissime
935 2962 1108 3047 corripiebat
1135 2968 1315 3031 evidentibus

142 3076 295 3159 scriptura
310 3076 490 3136 testimoniis.
514 3077 611 3151 Hunc,
629 3078 665 3136 de
681 3095 737 3151 quo
752 3079 799 3138 bic
813 3079 940 3138 Joannes
955 3079 1096 3151 loquitur,
1122 3078 1237 3135 unicum
1246 3092 1314 3135 esse

143 3179 332 3240 mediatorem
347 3183 423 3259 inter
437 3181 529 3239 Deum
545 3188 575 3241 et
589 3171 717 3246 homiues
732 3190 787 3242 etc.
826 3184 866 3241 Et
881 3200 917 3242 nc
933 3182 996 3255 quis
1012 3176 1070 3240 sibi‘
1082 3182 1117 3239 de
1133 3182 1190 3239 alio
1205 3180 1313 3240 media·

141 3290 206 3344 tore
220 3286 357 3361 somniet,
378 3286 506 3345 Joannes
522 3287 699 3370 evangelista
713 3292 743 3346 et
765 3288 913 3360 apostolus
929 3302 993 3345 eum
1008 3286 1171 3344 cunemine
1187 3292 1272 3345 vocat
1285 3290 1315 3344 et

142 3390 278 3462 exprimit
291 3390 310 3448 J
310 3406 389 3449 esum
397 3390 541 3450 Christum
553 3393 672 3465 justum.
696 3393 769 3451 Item
783 3391 896 3451 dicebat
909 3390 990 3450 verbi
998 3390 1053 3449 Dei
1064 3389 1223 3447 ministrum
1238 3390 1313 3448 bono

142 3510 291 3554 oeconomo
306 3496 426 3555 similem
442 3514 505 3556 esse
520 3503 654 3571 oportere
670 3496 733 3574 (aut
747 3501 780 3555 ut
794 3512 846 3554 suo
865 3500 932 3553 utar·
947 3492 1055 3569 verbis)
1072 3495 1164 3553 einem
1179 3492 1312 3569 Spietall·

142 3600 270 3659 meister.
293 3601 323 3659 Is
338 3602 412 3659 enim
428 3618 545 3661 necesse
560 3587 661 3677 babet,
686 3618 723 3661 ue
734 3602 860 3675 egrotis
876 3601 991 3664 eosdem
1012 3617 1084 3675 quos
1100 3599 1258 3661 valentibus
1273 3600 1312 3657 oi·

143 3704 195 3763 bos
210 3687 361 3777 apponere¹
370 3712 514 3781 procurat,
544 3709 602 3767 alia
617 3723 729 3781 quoque
738 3705 853 3776 ,fercula
868 3704 1032 3780 infantibus,
1049 3706 1106 3765 alia
1120 3706 1226 3765 adultis
1240 3721 1314 3779 prae·
1334 3728 1337 3737 ‚

143 3808 200 3869 bet.
241 3812 287 3870 lta
309 3812 488 3870 ecclesiastes
501 3796 692 3872 ‘refricatione
715 3813 788 3886 legis
811 3817 919 3872 mentes
935 3813 1111 3887 peccantium
1126 3809 1270 3891 remordet
1285 3814 1314 3868 et

57 3927 59 3932 ·
143 3915 346 3988 peonitentiam
365 3917 502 3991 inculcat,
523 3915 642 3976 infirmis
662 3919 709 3977 lac
722 3915 867 3991 praeponit
888 3922 917 3975 et
932 3917 1112 3990 evangelium
1126 3916 1224 3974 laetum
1240 3931 1312 3973 nun-

143 4020 217 4077 cium
231 4020 380 4093 praedicat,
406 4022 481 4079 sicut
504 4021 634 4081 Christum
654 4010 896 4096 pseudodoctores
915 4019 992 4091 funes
1008 4025 1037 4080 et
1050 4022 1178 4080 latrones
1193 4020 1312 4093 appelli·

142 4126 195 4198 tat,
212 4130 242 4183 et
255 4126 403 4200 prophetae
419 4127 486 4185 olim
500 4128 692 4200 asperioribus
708 4125 804 4188 verbis
819 4126 965 4200 in'impios
980 4127 1085 4186 invecti
1100 4130 1175 4185 sunt.
1215 4123 1312 4183 Poeni·

142 4216 242 4286 tentia
257 4228 333 4288 enim
354 4230 486 4291 doctrina
508 4232 617 4291 laetitiae
633 4232 774 4305 evangelii
789 4247 901 4291 annexa
916 4236 977 4303 est,
1001 4230 1080 4307 quod
1094 4235 1123 4289 et
1139 4230 1268 4289 Christus
1283 4230 1313 4286 in

143 4333 281 4425 parabola
296 4335 332 4393 de
347 4352 391 4409 co,
409 4337 457 4409 qui
473 4338 502 4394 in
517 4338 643 4396 latrones
658 4337 808 4411 inciderat
823 4353 877 4395 cm
868 4333 1082 4413 pandochaeus
1098 4334 1193 4399 mmm
1209 4340 1239 4393 et
1253 4334 1311 4391 ole-

143 4453 190 4495 um
205 4438 236 4497 in
258 4439 377 4540 vulnera
395 4439 528 4515 infudit,··
543 4441 649 4502 docuit
701 4442 798 4533 Primo
814 4442 888 4501 enim
903 4442 1000 4519 vinum
1014 4440 1184 4539 mordacius,
1200 4437 1255 4496 hoc
1270 4441 1314 4495 est
