3017 5225
721 442 766 509 23

156 628 318 705 comitibus,
335 629 364 687 si
375 643 433 701 qua
447 626 637 703 peccaverint,
653 626 809 686 clementer
821 628 970 702 ignoscere
983 621 1061 704 velit,
1077 631 1108 692 id
1122 633 1238 693 comites
1254 650 1331 708 saepe

153 734 225 795 dicti
238 750 292 807 pro
307 751 359 793 sua
374 733 450 793 uirili
469 738 499 792 et
513 730 617 792 debitis
633 729 734 791 officiis
749 750 820 807 erga
842 749 997 793 cesarem
1010 737 1191 809 majestatem
1205 744 1236 798 et
1249 754 1329 799 reve-

155 840 355 901 rendissimam
367 839 404 897 D.
415 840 449 897 V.
466 838 624 911 promereri
639 841 781 911 satagent.
804 840 967 913 Respondit
980 840 1190 916 attrebatensis,
1207 844 1330 903 dilucide

155 947 251 1019 capita
265 946 373 1020 negotii
387 945 444 1005 duo
459 944 561 1019 videri,
577 943 695 1003 comites
710 935 834 1003 morbae
845 953 926 1004 arma
938 947 968 1003 in
980 946 1183 1020 imperatorem
1197 964 1233 1006 ex
1247 955 1332 1022 parte

155 1044 391 1125 protestantium
415 1049 446 1109 id
460 1050 517 1107 illis
531 1049 646 1107 minime
661 1048 789 1122 licuisse,
813 1050 926 1108 etiamsi
945 1052 1004 1109 sint
1023 1052 1126 1134 rasalii
1148 1053 1331 1129 landtgravii,

155 1162 186 1223 et
200 1154 338 1229 quasdem
349 1170 385 1214 ex
398 1156 434 1213 iis
446 1170 508 1228 prae
519 1153 630 1212 caeteris
643 1154 784 1215 hostiliori
796 1157 893 1214 animo
905 1156 936 1214 in
947 1158 1146 1229 imperatorem
1161 1164 1329 1220 ostentasse.

154 1260 240 1334 Quod
253 1277 322 1320 vero
337 1262 376 1320 ad
389 1260 621 1333 capitulationem
640 1261 762 1334 attinet,
778 1261 896 1319 comites
910 1263 941 1319 in
955 1260 1009 1322 hac
1024 1280 1084 1322 non
1099 1264 1328 1337 comprehensos.

154 1367 303 1429 Praeterea
317 1364 428 1425 etianni
442 1365 499 1424 sint
513 1364 613 1425 vasalli
629 1363 777 1425 cattorum
791 1367 938 1442 principis,
953 1371 1050 1427 muron
1069 1385 1106 1427 ex
1120 1369 1175 1427 boc
1189 1386 1249 1428 non
1263 1386 1331 1431 con·

154 1472 246 1547 sequi,
262 1486 312 1531 eos
327 1486 390 1531 esse
404 1471 495 1545 ipsius
510 1470 648 1529 subditos.
673 1469 718 1529 Ad
732 1470 796 1529 haec
807 1455 925 1530 comites
936 1472 1044 1532 Caesari
1056 1475 1118 1547 jam
1132 1474 1228 1540 multis
1240 1490 1330 1550 nego·

152 1579 202 1639 tiis
217 1576 435 1651 occupatissimo
451 1574 489 1634 ob
504 1579 616 1649 sumpta
629 1591 711 1634 arma
724 1576 755 1633 in
771 1573 969 1635 coloniensem
984 1581 1130 1653 negotium
1144 1575 1272 1652 fecisse,
1285 1579 1328 1639 id-

155 1698 211 1757 que
232 1682 394 1743 extantibns
415 1680 493 1741 hisce
507 1680 645 1755 Augustae
667 1680 806 1740 comitiis
836 1682 919 1743 Justa
933 1682 1021 1756 igitur
1039 1685 1240 1757 imperatorem
1255 1684 1330 1745 idat

155 1804 233 1864 aegre
248 1786 324 1847 farre
340 1794 370 1847 et
384 1804 402 1847 a
416 1785 566 1847 comitibus
587 1784 813 1845 emendationem
832 1788 956 1861 exigere.
996 1790 1103 1849 Verum
1123 1795 1269 1864 umunque
1283 1807 1330 1849 res

155 1912 186 1956 se
201 1894 340 1983 habeant,
364 1894 455 1967 ipsum
471 1890 534 1951 heri
549 1892 656 1951 nostris
675 1890 799 1966 dixisse,
822 1893 848 1950 si
863 1894 900 1953 de
914 1895 958 1954 bia
973 1910 1025 1954 uos
1046 1912 1184 1956 excusare
1201 1899 1329 1971 uebmus,

154 2006 187 2061 ut
200 2001 232 2061 id
240 2000 353 2088 scripto
368 2013 465 2057 coram
480 1996 600 2055 concilio
615 1996 757 2069 imperiali
771 1994 854 2056 fieret
867 2003 922 2057 eto.
946 1998 1029 2058 Dixit
1043 2002 1131 2061 etiam
1145 2002 1279 2062 Liborius
1294 2002 1330 2062 de

154 2106 277 2180 pecunia
288 2100 544 2179 perReinhardum
555 2102 686 2160 comitem
700 2104 815 2161 cesaris
830 2104 944 2162 nomine
958 2106 1058 2179 petita,
1074 2111 1104 2164 et
1118 2108 1143 2165 si
1152 2106 1250 2167 Caesar
1265 2124 1329 2167 eam

154 2210 197 2280 illi
212 2210 326 2271 dariae
340 2202 392 2268 nos
407 2212 507 2269 contra
521 2206 665 2267 Cattosin
684 2207 738 2266 hoo
758 2206 913 2267 defendere
933 2210 1014 2285 velit,
1035 2228 1089 2270 nos
1107 2228 1172 2270 eam
1191 2228 1329 2272 summam

154 2316 368 2392 promptissime
382 2315 509 2374 daturos.
532 2312 580 2374 Ad
595 2314 649 2374 hoc
665 2318 762 2373 autem
777 2314 850 2373 nibil
862 2332 1032 2390 responsum
1044 2334 1062 2377 a
1074 2318 1206 2391 praesule.
1230 2319 1328 2378 Eubu-

154 2424 199 2483 lus
221 2424 321 2495 itaque
342 2422 500 2495 asperitate
521 2421 630 2494 negotii
651 2425 681 2480 ct
694 2422 864 2481 necessitate
885 2427 1001 2480 coactus
1022 2423 1145 2495 primum
1167 2424 1279 2482 veniam
1293 2425 1330 2484 ab

155 2528 289 2603 episcopo
312 2531 445 2601 precatus
465 2532 525 2600 est,
548 2540 617 2585 num
637 2526 679 2585 illi
697 2526 799 2585 liceret
817 2540 905 2585 unum
924 2532 975 2586 ant
994 2528 1118 2587 alterum
1131 2529 1250 2588 uerbum
1264 2528 1328 2588 fari.

154 2633 231 2693 Nam
245 2649 310 2695 cum
324 2633 427 2692 mentis
442 2648 502 2691 suae
517 2637 655 2706 concepta
669 2633 718 2690 rix
731 2632 821 2692 latine
836 2632 932 2707 eloqui
947 2649 1041 2706 posse.
1075 2633 1152 2693 Data
1165 2635 1260 2708 rania,
1283 2639 1329 2693 nt·

154 2755 268 2814 cunque
282 2739 384 2814 potuit,
406 2739 469 2797 haec
483 2737 611 2798 adduxit.
649 2737 696 2798 Ad
710 2737 749 2811 id,
770 2737 853 2810 *quod
867 2737 1067 2799 Amabatensis
1081 2739 1188 2812 praesul
1201 2737 1330 2812 dixisset,

156 2847 276 2908 comites
290 2846 321 2904 in
336 2844 543 2918 capitulatione
558 2859 616 2902 non
630 2842 865 2917 comprehensos,
887 2859 922 2902 eo
937 2842 1015 2917 qnod
1029 2844 1054 2901 si
1067 2844 1136 2902 lic-et
1148 2843 1250 2902 aasadi
1264 2841 1331 2902 Gat-

155 2959 252 3015 torum
270 2957 380 3023 essent,
404 2965 460 3008 non
475 2948 581 3011 subditi
596 2954 669 3023 eto,
692 2949 747 3008 hoc
761 2948 867 3008 debere
880 2949 1034 3022 praesulem
1053 2950 1146 3022 scire,
1165 2964 1224 3006 non
1242 2947 1332 3007 solum

155 3059 280 3121 vasallos
295 3073 348 3117 nos
370 3071 434 3114 esse
457 3055 645 3129 landtgravii,
669 3055 721 3114 sed
735 3069 772 3114 ea
785 3069 839 3114 nos
858 3069 974 3128 pressos
988 3054 1141 3126 seruitute,
1165 3057 1197 3112 ut
1210 3053 1248 3112 ob
1261 3054 1331 3111 rici-

156 3167 235 3224 niam
250 3163 333 3236 qnasi
348 3163 423 3220 iuter
442 3162 556 3220 intimos
571 3160 679 3220 Hessos
702 3161 942 3220 commorantibus
965 3176 1024 3218 non
1045 3157 1134 3217 fuerit
1151 3159 1273 3217 bberum
1287 3159 1333 3217 vel

155 3271 186 3330 in
201 3268 305 3342 exigua
319 3277 405 3328 causa
419 3266 542 3341 principi
558 3267 714 3339 quicquam
725 3265 885 3339 denegare,
902 3269 935 3322 ut
949 3269 979 3322 et
993 3263 1055 3321 haee
1070 3267 1157 3321 antea
1171 3279 1225 3336 per
1238 3264 1330 3338 blagi-

155 3379 248 3436 strum
262 3371 380 3432 Florum
393 3372 479 3432 latius
494 3375 613 3431 ramata
629 3373 733 3429 essent.
772 3367 885 3428 Deinde
901 3367 978 3440 quod
992 3348 1036 3425 ad‘
1045 3365 1258 3439 Coloniensem,
1280 3384 1332 3426 nos

155 3479 265 3538 habere
287 3477 415 3538 diversas
440 3477 596 3549 dinastias,
620 3474 714 3533 nostri
733 3473 884 3532 comitatus
897 3489 943 3532 me
964 3487 1027 3531 esse
1047 3472 1189 3530 seniorem
1208 3477 1238 3530 et
1255 3472 1332 3544 ipsos

155 3584 227 3642 mibi
241 3588 368 3643 astames
382 3580 487 3641 iratres
503 3596 561 3638 non
581 3585 681 3639 tenere
703 3577 803 3637 eadem
823 3576 965 3650 dominia,
988 3583 1019 3636 et
1033 3583 1112 3636 ortas
1132 3576 1248 3649 quidem
1260 3560 1333 3645 ,esse

156 3687 258 3748 turbas
272 3688 348 3746 inter
362 3684 467 3746 babes
483 3692 513 3746 et
527 3684 740 3768 boloniensem,
761 3689 875 3743 nostros
890 3688 1059 3744 autemnon
1074 3682 1228 3755 sumpsisse
1243 3699 1332 3755 arma,

156 3799 191 3854 ut
206 3791 368 3853 Coloniensi
390 3792 436 3870 (ut
450 3794 474 3852 is
490 3809 543 3852 nos
565 3787 722 3864 accusavit)
743 3789 850 3850 bellum
869 3788 1052 3862 inferremus3
1076 3792 1220 3860 utcunque
1238 3792 1333 3847 antam

156 3915 203 3960 res
219 3898 405 3972 rehabeant,
430 3898 564 3970 quoniam
586 3896 827 3956 reverendissima
841 3896 878 3954 Ι).
894 3897 929 3956 V.
948 3913 1001 3955 nos
1019 3894 1057 3956 ad
1075 3895 1226 3952 concilium
1243 3895 1332 3966 impe·
1398 3920 1413 3948 l

156 4005 229 4066 riale
252 4005 395 4077 remittat,
418 4009 514 4063 tamen
538 4003 605 4076 qnia
626 4002 709 4062 nobis
731 4007 831 4061 notum
852 4001 890 4059 sit
912 4015 993 4059 suam
1014 3999 1219 4058 summitatem
1239 3997 1335 4070 magui

157 4111 236 4186 apud
251 4125 406 4169 caesaream
421 4108 601 4181 majestatem
615 4105 687 4180 fieri,
704 4104 777 4165 adeo
799 4111 840 4177 ut,
857 4121 1035 4178 quacunque
1049 4108 1210 4163 mactentur
1223 4103 1255 4162 in
1269 4116 1335 4160 con·

157 4215 223 4276 cilio
238 4214 396 4290 imperiali,
412 4215 474 4272 sine
489 4212 576 4286 ipsius
592 4226 712 4271 assensu
726 4209 814 4269 finem
830 4211 959 4270 uanobci
974 4226 1032 4268 non
1046 4215 1162 4283 queant,
1177 4225 1230 4267 nos
1243 4206 1335 4265 bumi-

158 4321 226 4382 liter
240 4320 440 4394 rogareutD.
453 4318 481 4379 S.
498 4323 551 4377 nos
567 4323 596 4377 et
611 4316 689 4391 apud
702 4315 880 4391 imperialem
893 4316 1073 4389 majestatem
1087 4329 1224 4374 excusare
1238 4317 1269 4370 ot
1283 4326 1336 4384 pro

158 4424 242 4486 nobis
257 4425 436 4486 intercedere
458 4424 634 4499 dignaretur.
674 4421 709 4481 Id
724 4421 748 4480 si
769 4437 827 4494 qua
840 4421 871 4479 in
885 4437 918 4479 re
932 4421 1093 4495 promereri
1107 4419 1261 4493 possimus,
1282 4431 1335 4474 nos

159 4535 309 4610 promptos
335 4546 398 4592 esse
419 4535 491 4606 eta,
516 4533 549 4590 ut
571 4527 659 4590 dabat
679 4529 710 4586 in
732 4528 903 4588 necessitate
927 4541 1029 4586 sermo.
1067 4523 1115 4584 Ad
1137 4524 1199 4584 baec
1215 4518 1334 4596 praesul:
