<?xml version="1.0" encoding="UTF-8"?>
<!DOCTYPE html PUBLIC "-//W3C//DTD XHTML 1.0 Transitional//EN"
    "http://www.w3.org/TR/xhtml1/DTD/xhtml1-transitional.dtd">
<html xmlns="http://www.w3.org/1999/xhtml" xml:lang="en" lang="en">
 <head>
  <title>
</title>
<meta http-equiv="Content-Type" content="text/html;charset=utf-8" />
  <meta name='ocr-system' content='tesseract 3.04.00' />
  <meta name='ocr-capabilities' content='ocr_page ocr_carea ocr_par ocr_line ocrx_word'/>
</head>
<body>
  <div class='ocr_page' id='page_1' title='image "./desgrafenwolrad03trosgoog_0088.png"; bbox 0 0 3017 5225; ppageno 0'>
   <div class='ocr_carea' id='block_1_1' title="bbox 121 590 1389 4581">
    <p class='ocr_par' dir='ltr' id='par_1_1' title="bbox 121 590 1389 4581">
     <span class='ocr_line' id='line_1_1' title="bbox 186 590 1358 667; baseline 0 -15"><span class='ocrx_word' id='word_1_1' title='bbox 186 594 261 656; x_wconf 86' lang='lat' dir='ltr'>enim</span> <span class='ocrx_word' id='word_1_2' title='bbox 276 594 448 654; x_wconf 83' lang='lat' dir='ltr'>saluatorem</span> <span class='ocrx_word' id='word_1_3' title='bbox 461 598 592 653; x_wconf 87' lang='lat' dir='ltr'>nostrum</span> <span class='ocrx_word' id='word_1_4' title='bbox 603 593 689 666; x_wconf 87' lang='lat' dir='ltr'>sequi</span> <span class='ocrx_word' id='word_1_5' title='bbox 703 590 853 666; x_wconf 84' lang='lat' dir='ltr'>debemus,</span> <span class='ocrx_word' id='word_1_6' title='bbox 874 591 946 665; x_wconf 85' lang='lat' dir='ltr'>Nos,</span> <span class='ocrx_word' id='word_1_7' title='bbox 967 591 1093 667; x_wconf 85' lang='lat' dir='ltr'>inquam,</span> <span class='ocrx_word' id='word_1_8' title='bbox 1111 593 1159 666; x_wconf 86' lang='lat' dir='ltr'>qni</span> <span class='ocrx_word' id='word_1_9' title='bbox 1176 590 1290 652; x_wconf 79' lang='lat' dir='ltr'>Christo</span> <span class='ocrx_word' id='word_1_10' title='bbox 1306 592 1358 652; x_wconf 62' lang='grc' dir='ltr'>ιιιὃ</span> 
     </span>
     <span class='ocr_line' id='line_1_2' title="bbox 186 686 1358 775; baseline 0.001 -20"><span class='ocrx_word' id='word_1_11' title='bbox 186 697 337 773; x_wconf 78' lang='lat' dir='ltr'>haeremus,</span> <span class='ocrx_word' id='word_1_12' title='bbox 353 716 411 759; x_wconf 91' lang='lat' dir='ltr'>non</span> <span class='ocrx_word' id='word_1_13' title='bbox 425 695 560 775; x_wconf 87' lang='lat' dir='ltr'>mundus,</span> <span class='ocrx_word' id='word_1_14' title='bbox 577 686 628 772; x_wconf 81' lang='lat' dir='ltr'>qni</span> <span class='ocrx_word' id='word_1_15' title='bbox 641 698 743 772; x_wconf 88' lang='lat' dir='ltr'>habet,</span> <span class='ocrx_word' id='word_1_16' title='bbox 761 715 817 773; x_wconf 90' lang='lat' dir='ltr'>qno</span> <span class='ocrx_word' id='word_1_17' title='bbox 831 699 1002 772; x_wconf 80' lang='lat' dir='ltr'>recipiatur,</span> <span class='ocrx_word' id='word_1_18' title='bbox 1023 699 1073 773; x_wconf 87' lang='lat' dir='ltr'>qni</span> <span class='ocrx_word' id='word_1_19' title='bbox 1094 714 1131 758; x_wconf 89' lang='lat' dir='ltr'>ne</span> <span class='ocrx_word' id='word_1_20' title='bbox 1146 703 1228 772; x_wconf 88' lang='lat' dir='ltr'>optat</span> <span class='ocrx_word' id='word_1_21' title='bbox 1243 697 1358 771; x_wconf 87' lang='lat' dir='ltr'>quidem</span> 
     </span>
     <span class='ocr_line' id='line_1_3' title="bbox 186 785 1357 879; baseline 0 -19"><span class='ocrx_word' id='word_1_22' title='bbox 186 785 276 862; x_wconf 86' lang='lat' dir='ltr'>etiam</span> <span class='ocrx_word' id='word_1_23' title='bbox 292 819 356 863; x_wconf 88' lang='lat' dir='ltr'>esse</span> <span class='ocrx_word' id='word_1_24' title='bbox 374 791 438 863; x_wconf 85' lang='lat' dir='ltr'>cnm</span> <span class='ocrx_word' id='word_1_25' title='bbox 461 803 588 879; x_wconf 83' lang='lat' dir='ltr'>Christo,</span> <span class='ocrx_word' id='word_1_26' title='bbox 612 805 683 879; x_wconf 83' lang='lat' dir='ltr'>quin</span> <span class='ocrx_word' id='word_1_27' title='bbox 702 810 732 864; x_wconf 90' lang='lat' dir='ltr'>et</span> <span class='ocrx_word' id='word_1_28' title='bbox 746 803 772 862; x_wconf 91' lang='lat' dir='ltr'>si</span> <span class='ocrx_word' id='word_1_29' title='bbox 786 801 865 864; x_wconf 87' lang='lat' dir='ltr'>Deus</span> <span class='ocrx_word' id='word_1_30' title='bbox 885 803 977 864; x_wconf 89' lang='lat' dir='ltr'>adbuc</span> <span class='ocrx_word' id='word_1_31' title='bbox 996 803 1026 864; x_wconf 90' lang='lat' dir='ltr'>in</span> <span class='ocrx_word' id='word_1_32' title='bbox 1048 805 1135 864; x_wconf 90' lang='lat' dir='ltr'>terris</span> <span class='ocrx_word' id='word_1_33' title='bbox 1155 809 1268 878; x_wconf 78' lang='lat' dir='ltr'>ageret,</span> <span class='ocrx_word' id='word_1_34' title='bbox 1293 819 1357 863; x_wconf 91' lang='lat' dir='ltr'>eum</span> 
     </span>
     <span class='ocr_line' id='line_1_4' title="bbox 185 905 1358 984; baseline 0.002 -19"><span class='ocrx_word' id='word_1_35' title='bbox 185 909 294 981; x_wconf 87' lang='lat' dir='ltr'>majore</span> <span class='ocrx_word' id='word_1_36' title='bbox 309 925 393 982; x_wconf 85' lang='lat' dir='ltr'>quam</span> <span class='ocrx_word' id='word_1_37' title='bbox 408 911 500 968; x_wconf 87' lang='lat' dir='ltr'>crucis</span> <span class='ocrx_word' id='word_1_38' title='bbox 514 910 654 984; x_wconf 89' lang='lat' dir='ltr'>supplicio</span> <span class='ocrx_word' id='word_1_39' title='bbox 669 906 807 984; x_wconf 83' lang='lat' dir='ltr'>afficeret,</span> <span class='ocrx_word' id='word_1_40' title='bbox 823 914 883 968; x_wconf 86' lang='lat' dir='ltr'>tam</span> <span class='ocrx_word' id='word_1_41' title='bbox 897 910 995 983; x_wconf 83' lang='lat' dir='ltr'>iniquo</span> <span class='ocrx_word' id='word_1_42' title='bbox 1011 909 1105 968; x_wconf 92' lang='lat' dir='ltr'>animo</span> <span class='ocrx_word' id='word_1_43' title='bbox 1121 909 1151 966; x_wconf 87' lang='lat' dir='ltr'>in</span> <span class='ocrx_word' id='word_1_44' title='bbox 1166 905 1312 969; x_wconf 78' lang='lat' dir='ltr'>Christum</span> <span class='ocrx_word' id='word_1_45' title='bbox 1327 914 1358 968; x_wconf 91' lang='lat' dir='ltr'>et</span> 
     </span>
     <span class='ocr_line' id='line_1_5' title="bbox 185 1007 1356 1090; baseline 0.003 -19"><span class='ocrx_word' id='word_1_46' title='bbox 185 1028 266 1072; x_wconf 86' lang='lat' dir='ltr'>suam</span> <span class='ocrx_word' id='word_1_47' title='bbox 280 1015 430 1074; x_wconf 78' lang='lat' dir='ltr'>ueritatem</span> <span class='ocrx_word' id='word_1_48' title='bbox 445 1020 520 1090; x_wconf 89' lang='lat' dir='ltr'>sunt,</span> <span class='ocrx_word' id='word_1_49' title='bbox 537 1015 588 1090; x_wconf 89' lang='lat' dir='ltr'>qni</span> <span class='ocrx_word' id='word_1_50' title='bbox 601 1015 778 1076; x_wconf 74' lang='lat' dir='ltr'><strong>mansionem</strong></span> <span class='ocrx_word' id='word_1_51' title='bbox 794 1007 824 1074; x_wconf 82' lang='lat' dir='ltr'>et</span> <span class='ocrx_word' id='word_1_52' title='bbox 839 1016 1084 1080; x_wconf 77' lang='lat' dir='ltr'><strong>conversationem</strong></span> <span class='ocrx_word' id='word_1_53' title='bbox 1099 1017 1180 1074; x_wconf 89' lang='lat' dir='ltr'>suam</span> <span class='ocrx_word' id='word_1_54' title='bbox 1195 1031 1259 1074; x_wconf 92' lang='lat' dir='ltr'>cnm</span> <span class='ocrx_word' id='word_1_55' title='bbox 1273 1014 1356 1088; x_wconf 86' lang='lat' dir='ltr'>prin-</span> 
     </span>
     <span class='ocr_line' id='line_1_6' title="bbox 186 1099 1356 1196; baseline 0.003 -20"><span class='ocrx_word' id='word_1_56' title='bbox 186 1119 249 1192; x_wconf 88' lang='lat' dir='ltr'>cipe</span> <span class='ocrx_word' id='word_1_57' title='bbox 258 1099 348 1193; x_wconf 74' lang='lat' dir='ltr'>&#39;hujus</span> <span class='ocrx_word' id='word_1_58' title='bbox 362 1120 463 1196; x_wconf 80' lang='lat' dir='ltr'>muudi</span> <span class='ocrx_word' id='word_1_59' title='bbox 479 1100 606 1180; x_wconf 80' lang='lat' dir='ltr'>Sathena</span> <span class='ocrx_word' id='word_1_60' title='bbox 619 1119 736 1181; x_wconf 87' lang='lat' dir='ltr'>babent.</span> <span class='ocrx_word' id='word_1_61' title='bbox 770 1119 843 1180; x_wconf 88' lang='lat' dir='ltr'>Item</span> <span class='ocrx_word' id='word_1_62' title='bbox 859 1122 1037 1195; x_wconf 78' lang='lat' dir='ltr'>explanavit,</span> <span class='ocrx_word' id='word_1_63' title='bbox 1061 1119 1130 1194; x_wconf 88' lang='lat' dir='ltr'>qnid</span> <span class='ocrx_word' id='word_1_64' title='bbox 1145 1121 1200 1180; x_wconf 87' lang='lat' dir='ltr'>sibi</span> <span class='ocrx_word' id='word_1_65' title='bbox 1214 1120 1276 1180; x_wconf 89' lang='lat' dir='ltr'>haec</span> <span class='ocrx_word' id='word_1_66' title='bbox 1290 1137 1356 1180; x_wconf 90' lang='lat' dir='ltr'>sen·</span> 
     </span>
     <span class='ocr_line' id='line_1_7' title="bbox 185 1224 1356 1306; baseline 0 -22"><span class='ocrx_word' id='word_1_67' title='bbox 185 1227 290 1284; x_wconf 87' lang='lat' dir='ltr'>tentia:</span> <span class='ocrx_word' id='word_1_68' title='bbox 307 1224 464 1286; x_wconf 80' lang='lat' dir='ltr'>«Ascendit</span> <span class='ocrx_word' id='word_1_69' title='bbox 471 1225 601 1297; x_wconf 84' lang='lat' dir='ltr'>dominns</span> <span class='ocrx_word' id='word_1_70' title='bbox 612 1226 742 1286; x_wconf 88' lang='lat' dir='ltr'>inaltnm</span> <span class='ocrx_word' id='word_1_71' title='bbox 751 1233 780 1287; x_wconf 90' lang='lat' dir='ltr'>et</span> <span class='ocrx_word' id='word_1_72' title='bbox 788 1227 930 1302; x_wconf 86' lang='lat' dir='ltr'>captivam</span> <span class='ocrx_word' id='word_1_73' title='bbox 940 1225 1022 1286; x_wconf 85' lang='lat' dir='ltr'>duxit</span> <span class='ocrx_word' id='word_1_74' title='bbox 1034 1227 1259 1306; x_wconf 84' lang='lat' dir='ltr'>opptivitatem,»</span> <span class='ocrx_word' id='word_1_75' title='bbox 1277 1227 1356 1286; x_wconf 83' lang='lat' dir='ltr'>velit.</span> 
     </span>
     <span class='ocr_line' id='line_1_8' title="bbox 185 1317 1358 1410; baseline 0.005 -22"><span class='ocrx_word' id='word_1_76' title='bbox 185 1330 326 1389; x_wconf 85' lang='lat' dir='ltr'>Nimirum</span> <span class='ocrx_word' id='word_1_77' title='bbox 340 1333 535 1406; x_wconf 84' lang='lat' dir='ltr'>captivitatem</span> <span class='ocrx_word' id='word_1_78' title='bbox 550 1331 647 1410; x_wconf 87' lang='lat' dir='ltr'>fuisse,</span> <span class='ocrx_word' id='word_1_79' title='bbox 663 1349 722 1407; x_wconf 83' lang='lat' dir='ltr'>qua</span> <span class='ocrx_word' id='word_1_80' title='bbox 736 1351 755 1396; x_wconf 91' lang='lat' dir='ltr'>a</span> <span class='ocrx_word' id='word_1_81' title='bbox 769 1317 899 1408; x_wconf 75' lang='lat' dir='ltr'>principe</span> <span class='ocrx_word' id='word_1_82' title='bbox 913 1332 1113 1406; x_wconf 82' lang='lat' dir='ltr'>hujusmundi</span> <span class='ocrx_word' id='word_1_83' title='bbox 1128 1339 1157 1393; x_wconf 89' lang='lat' dir='ltr'>et</span> <span class='ocrx_word' id='word_1_84' title='bbox 1171 1332 1358 1394; x_wconf 88' lang='lat' dir='ltr'>tenebrarum</span> 
     </span>
     <span class='ocr_line' id='line_1_9' title="bbox 184 1415 1355 1522; baseline 0.002 -28"><span class='ocrx_word' id='word_1_85' title='bbox 184 1415 326 1522; x_wconf 80' lang='lat' dir='ltr'>acmorte</span> <span class='ocrx_word' id='word_1_86' title='bbox 340 1451 375 1494; x_wconf 88' lang='lat' dir='ltr'>ac</span> <span class='ocrx_word' id='word_1_87' title='bbox 389 1434 501 1497; x_wconf 75' lang='lat' dir='ltr'>interno</span> <span class='ocrx_word' id='word_1_88' title='bbox 515 1439 650 1497; x_wconf 90' lang='lat' dir='ltr'>miserum</span> <span class='ocrx_word' id='word_1_89' title='bbox 665 1455 755 1513; x_wconf 76' lang='lat' dir='ltr'>genus</span> <span class='ocrx_word' id='word_1_90' title='bbox 770 1439 924 1500; x_wconf 88' lang='lat' dir='ltr'>humanum</span> <span class='ocrx_word' id='word_1_91' title='bbox 939 1437 1088 1500; x_wconf 77' lang='lat' dir='ltr'>ob&#39;Adnmi</span> <span class='ocrx_word' id='word_1_92' title='bbox 1102 1439 1274 1513; x_wconf 74' lang='lat' dir='ltr'>protoplasti</span> <span class='ocrx_word' id='word_1_93' title='bbox 1290 1440 1355 1513; x_wconf 91' lang='lat' dir='ltr'>lap·</span> 
     </span>
     <span class='ocr_line' id='line_1_10' title="bbox 184 1527 1357 1622; baseline 0.003 -23"><span class='ocrx_word' id='word_1_94' title='bbox 184 1554 248 1600; x_wconf 84' lang='lat' dir='ltr'>sum</span> <span class='ocrx_word' id='word_1_95' title='bbox 261 1533 430 1622; x_wconf 80' lang='lat' dir='ltr'>tenebatur3</span> <span class='ocrx_word' id='word_1_96' title='bbox 446 1543 521 1602; x_wconf 89' lang='lat' dir='ltr'>hano</span> <span class='ocrx_word' id='word_1_97' title='bbox 536 1542 666 1604; x_wconf 79' lang='lat' dir='ltr'>Christus</span> <span class='ocrx_word' id='word_1_98' title='bbox 685 1559 782 1604; x_wconf 88' lang='lat' dir='ltr'>secum</span> <span class='ocrx_word' id='word_1_99' title='bbox 798 1544 892 1619; x_wconf 84' lang='lat' dir='ltr'>duxit,</span> <span class='ocrx_word' id='word_1_100' title='bbox 913 1529 950 1605; x_wconf 82' lang='lat' dir='ltr'>ab</span> <span class='ocrx_word' id='word_1_101' title='bbox 964 1544 1020 1604; x_wconf 91' lang='lat' dir='ltr'>hac</span> <span class='ocrx_word' id='word_1_102' title='bbox 1035 1561 1088 1606; x_wconf 86' lang='lat' dir='ltr'>nos</span> <span class='ocrx_word' id='word_1_103' title='bbox 1102 1542 1245 1604; x_wconf 83' lang='lat' dir='ltr'>hberavit.</span> <span class='ocrx_word' id='word_1_104' title='bbox 1283 1527 1357 1604; x_wconf 87' lang='lat' dir='ltr'>Item</span> 
     </span>
     <span class='ocr_line' id='line_1_11' title="bbox 184 1647 1358 1726; baseline 0.003 -19"><span class='ocrx_word' id='word_1_105' title='bbox 184 1647 261 1707; x_wconf 89' lang='lat' dir='ltr'>dona</span> <span class='ocrx_word' id='word_1_106' title='bbox 275 1647 355 1708; x_wconf 85' lang='lat' dir='ltr'>dedit</span> <span class='ocrx_word' id='word_1_107' title='bbox 369 1649 539 1723; x_wconf 87' lang='lat' dir='ltr'>hominibus,</span> <span class='ocrx_word' id='word_1_108' title='bbox 559 1647 629 1722; x_wconf 84' lang='lat' dir='ltr'>qnid</span> <span class='ocrx_word' id='word_1_109' title='bbox 643 1653 697 1708; x_wconf 88' lang='lat' dir='ltr'>etc.</span> <span class='ocrx_word' id='word_1_110' title='bbox 719 1655 753 1708; x_wconf 90' lang='grc' dir='ltr'>ιιι</span> <span class='ocrx_word' id='word_1_111' title='bbox 767 1650 797 1710; x_wconf 92' lang='lat' dir='ltr'>id</span> <span class='ocrx_word' id='word_1_112' title='bbox 811 1650 958 1726; x_wconf 77' lang='lat' dir='ltr'>aptissime</span> <span class='ocrx_word' id='word_1_113' title='bbox 973 1667 1016 1712; x_wconf 73' lang='lat' dir='ltr'>ex.</span> <span class='ocrx_word' id='word_1_114' title='bbox 1029 1649 1164 1712; x_wconf 61' lang='lat' dir='ltr'>deamo</span> <span class='ocrx_word' id='word_1_115' title='bbox 1187 1650 1309 1724; x_wconf 79' lang='lat' dir='ltr'>edocuit,</span> <span class='ocrx_word' id='word_1_116' title='bbox 1326 1655 1358 1710; x_wconf 89' lang='lat' dir='ltr'>et</span> 
     </span>
     <span class='ocr_line' id='line_1_12' title="bbox 185 1733 1355 1830; baseline 0.001 -19"><span class='ocrx_word' id='word_1_117' title='bbox 185 1769 273 1826; x_wconf 88' lang='lat' dir='ltr'>quam</span> <span class='ocrx_word' id='word_1_118' title='bbox 286 1755 349 1812; x_wconf 77' lang='lat' dir='ltr'>hoec</span> <span class='ocrx_word' id='word_1_119' title='bbox 362 1753 439 1814; x_wconf 88' lang='lat' dir='ltr'>dona</span> <span class='ocrx_word' id='word_1_120' title='bbox 453 1733 559 1814; x_wconf 79' lang='lat' dir='ltr'>Christi</span> <span class='ocrx_word' id='word_1_121' title='bbox 574 1754 748 1815; x_wconf 82' lang='lat' dir='ltr'>munusculis</span> <span class='ocrx_word' id='word_1_122' title='bbox 762 1755 849 1830; x_wconf 76' lang='lat' dir='ltr'>regiis</span> <span class='ocrx_word' id='word_1_123' title='bbox 866 1759 919 1814; x_wconf 86' lang='lat' dir='ltr'>etc.</span> <span class='ocrx_word' id='word_1_124' title='bbox 940 1759 1122 1828; x_wconf 73' lang='lat' dir='ltr'>praestarem.</span> <span class='ocrx_word' id='word_1_125' title='bbox 1160 1754 1267 1814; x_wconf 83' lang='lat' dir='ltr'>Docuit</span> <span class='ocrx_word' id='word_1_126' title='bbox 1282 1769 1355 1829; x_wconf 58' lang='lat' dir='ltr'>quos</span> 
     </span>
     <span class='ocr_line' id='line_1_13' title="bbox 185 1843 1357 1942; baseline 0.002 -26"><span class='ocrx_word' id='word_1_127' title='bbox 185 1874 250 1932; x_wconf 69' lang='grc' dir='ltr'>(ιιι,</span> <span class='ocrx_word' id='word_1_128' title='bbox 275 1859 324 1933; x_wconf 88' lang='lat' dir='ltr'>qui</span> <span class='ocrx_word' id='word_1_129' title='bbox 343 1855 540 1942; x_wconf 78' lang='lat' dir='ltr'>ascensionem</span> <span class='ocrx_word' id='word_1_130' title='bbox 560 1843 676 1941; x_wconf 88' lang='lat' dir='ltr'>Domini</span> <span class='ocrx_word' id='word_1_131' title='bbox 689 1862 774 1935; x_wconf 80' lang='lat' dir='ltr'>¹jnste</span> <span class='ocrx_word' id='word_1_132' title='bbox 793 1875 1013 1934; x_wconf 83' lang='lat' dir='ltr'>veneraremur,</span> <span class='ocrx_word' id='word_1_133' title='bbox 1035 1849 1179 1919; x_wconf 74' lang='lat' dir='ltr'>n&#39;imirlnm</span> <span class='ocrx_word' id='word_1_134' title='bbox 1200 1866 1233 1919; x_wconf 92' lang='lat' dir='ltr'>ut</span> <span class='ocrx_word' id='word_1_135' title='bbox 1246 1857 1293 1918; x_wconf 91' lang='lat' dir='ltr'>bic</span> <span class='ocrx_word' id='word_1_136' title='bbox 1307 1859 1357 1934; x_wconf 91' lang='lat' dir='ltr'>pie</span> 
     </span>
     <span class='ocr_line' id='line_1_14' title="bbox 184 1951 1353 2040; baseline 0.002 -18"><span class='ocrx_word' id='word_1_137' title='bbox 184 1964 272 2022; x_wconf 80' lang='lat' dir='ltr'>vitam</span> <span class='ocrx_word' id='word_1_138' title='bbox 291 1964 486 2040; x_wconf 85' lang='lat' dir='ltr'>instituamus,</span> <span class='ocrx_word' id='word_1_139' title='bbox 512 1951 627 2028; x_wconf 76' lang='lat' dir='ltr'>(llrrtsto</span> <span class='ocrx_word' id='word_1_140' title='bbox 646 1971 676 2027; x_wconf 88' lang='lat' dir='ltr'>et</span> <span class='ocrx_word' id='word_1_141' title='bbox 699 1967 787 2028; x_wconf 88' lang='lat' dir='ltr'>verbo</span> <span class='ocrx_word' id='word_1_142' title='bbox 811 1967 872 2040; x_wconf 89' lang='lat' dir='ltr'>ejus</span> <span class='ocrx_word' id='word_1_143' title='bbox 893 1962 1061 2025; x_wconf 89' lang='lat' dir='ltr'>obediamus</span> <span class='ocrx_word' id='word_1_144' title='bbox 1075 1982 1113 2026; x_wconf 90' lang='lat' dir='ltr'>ac</span> <span class='ocrx_word' id='word_1_145' title='bbox 1124 1971 1255 2039; x_wconf 86' lang='lat' dir='ltr'>optemus</span> <span class='ocrx_word' id='word_1_146' title='bbox 1270 1963 1353 2024; x_wconf 84' lang='lat' dir='ltr'>obri-</span> 
     </span>
     <span class='ocr_line' id='line_1_15' title="bbox 185 2055 1355 2148; baseline 0.002 -20"><span class='ocrx_word' id='word_1_147' title='bbox 185 2075 269 2142; x_wconf 87' lang='lat' dir='ltr'>stum‚</span> <span class='ocrx_word' id='word_1_148' title='bbox 286 2072 335 2143; x_wconf 86' lang='lat' dir='ltr'>qui</span> <span class='ocrx_word' id='word_1_149' title='bbox 351 2087 403 2130; x_wconf 89' lang='lat' dir='ltr'>nos</span> <span class='ocrx_word' id='word_1_150' title='bbox 418 2075 573 2148; x_wconf 73' lang='lat' dir='ltr'>precessit,</span> <span class='ocrx_word' id='word_1_151' title='bbox 594 2074 698 2134; x_wconf 88' lang='lat' dir='ltr'>sedens</span> <span class='ocrx_word' id='word_1_152' title='bbox 712 2074 743 2133; x_wconf 89' lang='lat' dir='ltr'>in</span> <span class='ocrx_word' id='word_1_153' title='bbox 757 2067 919 2148; x_wconf 82' lang='lat' dir='ltr'>gloriaDei</span> <span class='ocrx_word' id='word_1_154' title='bbox 929 2055 1034 2146; x_wconf 79' lang='lat' dir='ltr'>patris,</span> <span class='ocrx_word' id='word_1_155' title='bbox 1044 2071 1200 2144; x_wconf 84' lang='lat' dir='ltr'>subsequi.</span> <span class='ocrx_word' id='word_1_156' title='bbox 1237 2069 1355 2130; x_wconf 89' lang='lat' dir='ltr'>Puerile</span> 
     </span>
     <span class='ocr_line' id='line_1_16' title="bbox 184 2176 1352 2254; baseline 0 -19"><span class='ocrx_word' id='word_1_157' title='bbox 184 2177 258 2236; x_wconf 86' lang='lat' dir='ltr'>enim</span> <span class='ocrx_word' id='word_1_158' title='bbox 274 2177 474 2251; x_wconf 87' lang='lat' dir='ltr'>spectaculum,</span> <span class='ocrx_word' id='word_1_159' title='bbox 492 2179 569 2253; x_wconf 89' lang='lat' dir='ltr'>quod</span> <span class='ocrx_word' id='word_1_160' title='bbox 583 2181 704 2254; x_wconf 85' lang='lat' dir='ltr'>papistoe</span> <span class='ocrx_word' id='word_1_161' title='bbox 716 2177 827 2240; x_wconf 89' lang='lat' dir='ltr'>idolum</span> <span class='ocrx_word' id='word_1_162' title='bbox 842 2176 958 2251; x_wconf 83' lang='lat' dir='ltr'>aliquod</span> <span class='ocrx_word' id='word_1_163' title='bbox 972 2178 1002 2236; x_wconf 91' lang='lat' dir='ltr'>in</span> <span class='ocrx_word' id='word_1_164' title='bbox 1011 2176 1102 2238; x_wconf 84' lang='lat' dir='ltr'>altam</span> <span class='ocrx_word' id='word_1_165' title='bbox 1111 2177 1238 2251; x_wconf 80' lang='lat' dir='ltr'>traham,</span> <span class='ocrx_word' id='word_1_166' title='bbox 1254 2176 1352 2236; x_wconf 85' lang='lat' dir='ltr'>volen-</span> 
     </span>
     <span class='ocr_line' id='line_1_17' title="bbox 184 2269 1352 2369; baseline 0 -29"><span class='ocrx_word' id='word_1_167' title='bbox 184 2285 227 2340; x_wconf 86' lang='lat' dir='ltr'>tes</span> <span class='ocrx_word' id='word_1_168' title='bbox 239 2281 296 2340; x_wconf 90' lang='lat' dir='ltr'>boc</span> <span class='ocrx_word' id='word_1_169' title='bbox 310 2269 471 2356; x_wconf 82' lang='lat' dir='ltr'>significare</span> <span class='ocrx_word' id='word_1_170' title='bbox 486 2285 680 2357; x_wconf 82' lang='lat' dir='ltr'>ascensionem</span> <span class='ocrx_word' id='word_1_171' title='bbox 696 2269 802 2344; x_wconf 80' lang='lat' dir='ltr'>Christi</span> <span class='ocrx_word' id='word_1_172' title='bbox 813 2288 871 2342; x_wconf 87' lang='lat' dir='ltr'>etc.</span> <span class='ocrx_word' id='word_1_173' title='bbox 916 2282 1087 2369; x_wconf 80' lang='lat' dir='ltr'>Hujusmodi</span> <span class='ocrx_word' id='word_1_174' title='bbox 1102 2280 1228 2356; x_wconf 87' lang='lat' dir='ltr'>ludicris,</span> <span class='ocrx_word' id='word_1_175' title='bbox 1251 2283 1352 2356; x_wconf 82' lang='lat' dir='ltr'>inquit,</span> 
     </span>
     <span class='ocr_line' id='line_1_18' title="bbox 182 2379 1354 2461; baseline 0 -17"><span class='ocrx_word' id='word_1_176' title='bbox 182 2386 288 2454; x_wconf 88' lang='lat' dir='ltr'>intenti</span> <span class='ocrx_word' id='word_1_177' title='bbox 306 2392 374 2446; x_wconf 90' lang='lat' dir='ltr'>sunt</span> <span class='ocrx_word' id='word_1_178' title='bbox 396 2394 427 2448; x_wconf 90' lang='lat' dir='ltr'>et</span> <span class='ocrx_word' id='word_1_179' title='bbox 445 2402 534 2461; x_wconf 89' lang='lat' dir='ltr'>opera</span> <span class='ocrx_word' id='word_1_180' title='bbox 554 2385 668 2459; x_wconf 64' lang='lat' dir='ltr'>Christi,</span> <span class='ocrx_word' id='word_1_181' title='bbox 679 2384 771 2449; x_wconf 82' lang='lat' dir='ltr'>instar</span> <span class='ocrx_word' id='word_1_182' title='bbox 795 2388 884 2446; x_wconf 83' lang='lat' dir='ltr'>simiae</span> <span class='ocrx_word' id='word_1_183' title='bbox 903 2385 1010 2447; x_wconf 83' lang='lat' dir='ltr'>imitari</span> <span class='ocrx_word' id='word_1_184' title='bbox 1025 2387 1134 2448; x_wconf 80' lang='lat' dir='ltr'>volunt.</span> <span class='ocrx_word' id='word_1_185' title='bbox 1173 2385 1291 2459; x_wconf 79' lang='lat' dir='ltr'>Quando</span> <span class='ocrx_word' id='word_1_186' title='bbox 1306 2379 1354 2448; x_wconf 86' lang='lat' dir='ltr'>vel</span> 
     </span>
     <span class='ocr_line' id='line_1_19' title="bbox 183 2480 1353 2570; baseline 0.002 -22"><span class='ocrx_word' id='word_1_187' title='bbox 183 2491 308 2564; x_wconf 89' lang='lat' dir='ltr'>tandem,</span> <span class='ocrx_word' id='word_1_188' title='bbox 324 2492 374 2562; x_wconf 89' lang='lat' dir='ltr'>ait,</span> <span class='ocrx_word' id='word_1_189' title='bbox 390 2492 427 2552; x_wconf 89' lang='lat' dir='ltr'>de</span> <span class='ocrx_word' id='word_1_190' title='bbox 441 2491 538 2551; x_wconf 88' lang='lat' dir='ltr'>reditu</span> <span class='ocrx_word' id='word_1_191' title='bbox 552 2491 613 2565; x_wconf 85' lang='lat' dir='ltr'>ejus</span> <span class='ocrx_word' id='word_1_192' title='bbox 635 2498 665 2553; x_wconf 89' lang='lat' dir='ltr'>et</span> <span class='ocrx_word' id='word_1_193' title='bbox 679 2480 731 2552; x_wconf 86' lang='lat' dir='ltr'>nos</span> <span class='ocrx_word' id='word_1_194' title='bbox 754 2507 852 2566; x_wconf 87' lang='lat' dir='ltr'>secum</span> <span class='ocrx_word' id='word_1_195' title='bbox 867 2497 1030 2570; x_wconf 83' lang='lat' dir='ltr'>assumente</span> <span class='ocrx_word' id='word_1_196' title='bbox 1044 2488 1133 2553; x_wconf 81' lang='lat' dir='ltr'>festos</span> <span class='ocrx_word' id='word_1_197' title='bbox 1147 2490 1208 2552; x_wconf 89' lang='lat' dir='ltr'>dies</span> <span class='ocrx_word' id='word_1_198' title='bbox 1224 2492 1353 2553; x_wconf 58' lang='lat' dir='ltr'>celebra-⁴</span> 
     </span>
     <span class='ocr_line' id='line_1_20' title="bbox 182 2595 1352 2674; baseline 0.003 -19"><span class='ocrx_word' id='word_1_199' title='bbox 182 2597 242 2655; x_wconf 89' lang='lat' dir='ltr'>tnri</span> <span class='ocrx_word' id='word_1_200' title='bbox 256 2599 371 2655; x_wconf 77' lang='lat' dir='ltr'>annius</span> <span class='ocrx_word' id='word_1_201' title='bbox 389 2595 533 2671; x_wconf 84' lang='lat' dir='ltr'>meecto,</span> <span class='ocrx_word' id='word_1_202' title='bbox 554 2599 605 2674; x_wconf 89' lang='lat' dir='ltr'>ait,</span> <span class='ocrx_word' id='word_1_203' title='bbox 619 2598 721 2660; x_wconf 87' lang='lat' dir='ltr'>rideat</span> <span class='ocrx_word' id='word_1_204' title='bbox 734 2599 866 2673; x_wconf 88' lang='lat' dir='ltr'>mundns,</span> <span class='ocrx_word' id='word_1_205' title='bbox 888 2599 1009 2674; x_wconf 83' lang='lat' dir='ltr'>papistoe</span> <span class='ocrx_word' id='word_1_206' title='bbox 1023 2598 1090 2660; x_wconf 90' lang='lat' dir='ltr'>licet</span> <span class='ocrx_word' id='word_1_207' title='bbox 1105 2597 1289 2673; x_wconf 75' lang='lat' dir='ltr'>obganniunt,</span> <span class='ocrx_word' id='word_1_208' title='bbox 1306 2603 1352 2659; x_wconf 67' lang='lat' dir='ltr'>ta¹⁴</span> 
     </span>
     <span class='ocr_line' id='line_1_21' title="bbox 121 2686 1354 2792; baseline 0.005 -33"><span class='ocrx_word' id='word_1_209' title='bbox 121 2786 124 2788; x_wconf 10' lang='grc' dir='ltr'><strong>Α</strong></span> <span class='ocrx_word' id='word_1_210' title='bbox 183 2708 250 2761; x_wconf 84' lang='lat' dir='ltr'>meu</span> <span class='ocrx_word' id='word_1_211' title='bbox 264 2702 294 2761; x_wconf 91' lang='lat' dir='ltr'>in</span> <span class='ocrx_word' id='word_1_212' title='bbox 308 2704 469 2792; x_wconf 88' lang='lat' dir='ltr'>propinquo</span> <span class='ocrx_word' id='word_1_213' title='bbox 489 2709 534 2763; x_wconf 90' lang='lat' dir='ltr'>est</span> <span class='ocrx_word' id='word_1_214' title='bbox 547 2704 689 2765; x_wconf 87' lang='lat' dir='ltr'>adventus</span> <span class='ocrx_word' id='word_1_215' title='bbox 705 2686 821 2766; x_wconf 89' lang='lat' dir='ltr'>domini.</span> <span class='ocrx_word' id='word_1_216' title='bbox 864 2705 920 2789; x_wconf 87' lang='lat' dir='ltr'>llic</span> <span class='ocrx_word' id='word_1_217' title='bbox 935 2704 1055 2768; x_wconf 81' lang='lat' dir='ltr'>adduxit</span> <span class='ocrx_word' id='word_1_218' title='bbox 1069 2709 1201 2785; x_wconf 86' lang='lat' dir='ltr'>tempora</span> <span class='ocrx_word' id='word_1_219' title='bbox 1214 2702 1307 2765; x_wconf 83' lang='lat' dir='ltr'>Nohae</span> <span class='ocrx_word' id='word_1_220' title='bbox 1324 2711 1354 2765; x_wconf 88' lang='lat' dir='ltr'>et</span> 
     </span>
     <span class='ocr_line' id='line_1_22' title="bbox 183 2787 1352 2886; baseline 0.003 -19"><span class='ocrx_word' id='word_1_221' title='bbox 183 2807 261 2869; x_wconf 92' lang='lat' dir='ltr'>Lotb</span> <span class='ocrx_word' id='word_1_222' title='bbox 274 2803 328 2869; x_wconf 78' lang='lat' dir='ltr'>etc.</span> <span class='ocrx_word' id='word_1_223' title='bbox 359 2787 544 2884; x_wconf 79' lang='lat' dir='ltr'>Refrigerata</span> <span class='ocrx_word' id='word_1_224' title='bbox 564 2817 608 2871; x_wconf 88' lang='lat' dir='ltr'>est</span> <span class='ocrx_word' id='word_1_225' title='bbox 627 2813 702 2871; x_wconf 91' lang='lat' dir='ltr'>enim</span> <span class='ocrx_word' id='word_1_226' title='bbox 723 2804 849 2872; x_wconf 85' lang='lat' dir='ltr'>charitas</span> <span class='ocrx_word' id='word_1_227' title='bbox 865 2811 1019 2871; x_wconf 88' lang='lat' dir='ltr'>multorum</span> <span class='ocrx_word' id='word_1_228' title='bbox 1035 2816 1065 2872; x_wconf 90' lang='lat' dir='ltr'>et</span> <span class='ocrx_word' id='word_1_229' title='bbox 1079 2809 1209 2872; x_wconf 88' lang='lat' dir='ltr'>abundat</span> <span class='ocrx_word' id='word_1_230' title='bbox 1231 2812 1352 2886; x_wconf 83' lang='lat' dir='ltr'>malitia,</span> 
     </span>
     <span class='ocr_line' id='line_1_23' title="bbox 183 2904 1355 2993; baseline 0.003 -21"><span class='ocrx_word' id='word_1_231' title='bbox 183 2914 259 2991; x_wconf 84' lang='lat' dir='ltr'>utin</span> <span class='ocrx_word' id='word_1_232' title='bbox 273 2915 425 2988; x_wconf 85' lang='lat' dir='ltr'>propatulo</span> <span class='ocrx_word' id='word_1_233' title='bbox 440 2920 493 2975; x_wconf 88' lang='lat' dir='ltr'>est.</span> <span class='ocrx_word' id='word_1_234' title='bbox 517 2916 661 2993; x_wconf 52' lang='lat' dir='ltr'>&amp;gemus</span> <span class='ocrx_word' id='word_1_235' title='bbox 676 2932 756 2993; x_wconf 79' lang='lat' dir='ltr'>ergo,</span> <span class='ocrx_word' id='word_1_236' title='bbox 773 2914 875 2992; x_wconf 87' lang='lat' dir='ltr'>iuquit,</span> <span class='ocrx_word' id='word_1_237' title='bbox 896 2916 1041 2977; x_wconf 83' lang='lat' dir='ltr'>doudnnm</span> <span class='ocrx_word' id='word_1_238' title='bbox 1056 2922 1085 2991; x_wconf 78' lang='lat' dir='ltr'>ct</span> <span class='ocrx_word' id='word_1_239' title='bbox 1099 2904 1355 2977; x_wconf 64' lang='lat' dir='ltr'>liberatoremno·</span> 
     </span>
     <span class='ocr_line' id='line_1_24' title="bbox 183 3000 1353 3107; baseline 0.003 -28"><span class='ocrx_word' id='word_1_240' title='bbox 183 3024 274 3079; x_wconf 86' lang='lat' dir='ltr'>strum</span> <span class='ocrx_word' id='word_1_241' title='bbox 288 3012 389 3079; x_wconf 86' lang='lat' dir='ltr'>Jcsum</span> <span class='ocrx_word' id='word_1_242' title='bbox 401 3018 559 3097; x_wconf 73' lang='lat' dir='ltr'>Christum,</span> <span class='ocrx_word' id='word_1_243' title='bbox 584 3021 731 3082; x_wconf 87' lang='lat' dir='ltr'>sedentem</span> <span class='ocrx_word' id='word_1_244' title='bbox 750 3020 788 3082; x_wconf 87' lang='lat' dir='ltr'>ad</span> <span class='ocrx_word' id='word_1_245' title='bbox 809 3004 938 3083; x_wconf 84' lang='lat' dir='ltr'>dextram</span> <span class='ocrx_word' id='word_1_246' title='bbox 953 3020 1012 3083; x_wconf 57' lang='lat' dir='ltr'>Dei&gt;</span> <span class='ocrx_word' id='word_1_247' title='bbox 1023 3000 1137 3097; x_wconf 85' lang='lat' dir='ltr'>patris,</span> <span class='ocrx_word' id='word_1_248' title='bbox 1163 3022 1196 3082; x_wconf 86' lang='lat' dir='ltr'>nt</span> <span class='ocrx_word' id='word_1_249' title='bbox 1210 3023 1303 3097; x_wconf 85' lang='lat' dir='ltr'>ipsam</span> <span class='ocrx_word' id='word_1_250' title='bbox 1317 3039 1353 3107; x_wconf 89' lang='lat' dir='ltr'>eo</span> 
     </span>
     <span class='ocr_line' id='line_1_25' title="bbox 183 3105 1129 3203; baseline 0.004 -20"><span class='ocrx_word' id='word_1_251' title='bbox 183 3127 264 3199; x_wconf 89' lang='lat' dir='ltr'>sequi</span> <span class='ocrx_word' id='word_1_252' title='bbox 279 3105 432 3186; x_wconf 83' lang='lat' dir='ltr'>valeamus.</span> <span class='ocrx_word' id='word_1_253' title='bbox 456 3126 515 3187; x_wconf 88' lang='lat' dir='ltr'>Sed</span> <span class='ocrx_word' id='word_1_254' title='bbox 530 3128 593 3203; x_wconf 89' lang='lat' dir='ltr'>quia</span> <span class='ocrx_word' id='word_1_255' title='bbox 607 3132 784 3202; x_wconf 61' lang='lat' dir='ltr'>assequetur,</span> <span class='ocrx_word' id='word_1_256' title='bbox 792 3117 924 3201; x_wconf 85' lang='lat' dir='ltr'>spiritum</span> <span class='ocrx_word' id='word_1_257' title='bbox 939 3128 968 3188; x_wconf 94' lang='lat' dir='ltr'>d.</span> <span class='ocrx_word' id='word_1_258' title='bbox 984 3126 1129 3187; x_wconf 80' lang='lat' dir='ltr'>Masculi?</span> 
     </span>
     <span class='ocr_line' id='line_1_26' title="bbox 188 3230 1355 3317; baseline 0.001 -26"><span class='ocrx_word' id='word_1_259' title='bbox 188 3230 192 3235; x_wconf 73' lang='grc'><strong>“</strong></span> <span class='ocrx_word' id='word_1_260' title='bbox 252 3230 380 3298; x_wconf 50' lang='lat' dir='ltr'>,Eadem</span> <span class='ocrx_word' id='word_1_261' title='bbox 402 3230 502 3294; x_wconf 86' lang='lat' dir='ltr'>literas</span> <span class='ocrx_word' id='word_1_262' title='bbox 522 3232 646 3296; x_wconf 87' lang='lat' dir='ltr'>dominae</span> <span class='ocrx_word' id='word_1_263' title='bbox 666 3235 766 3294; x_wconf 91' lang='lat' dir='ltr'>matris</span> <span class='ocrx_word' id='word_1_264' title='bbox 781 3232 852 3293; x_wconf 85' lang='lat' dir='ltr'>duci</span> <span class='ocrx_word' id='word_1_265' title='bbox 875 3232 999 3295; x_wconf 85' lang='lat' dir='ltr'>Ernesto</span> <span class='ocrx_word' id='word_1_266' title='bbox 1014 3250 1033 3317; x_wconf 84' lang='lat' dir='ltr'>a</span> <span class='ocrx_word' id='word_1_267' title='bbox 1047 3232 1233 3308; x_wconf 78' lang='lat' dir='ltr'>Brnnscbwig</span> <span class='ocrx_word' id='word_1_268' title='bbox 1247 3233 1355 3301; x_wconf 50' lang='lat' dir='ltr'>obtuli&lt;</span> 
     </span>
     <span class='ocr_line' id='line_1_27' title="bbox 182 3318 1351 3415; baseline 0.003 -20"><span class='ocrx_word' id='word_1_269' title='bbox 182 3350 255 3412; x_wconf 90' lang='lat' dir='ltr'>mus,</span> <span class='ocrx_word' id='word_1_270' title='bbox 270 3353 360 3412; x_wconf 88' lang='lat' dir='ltr'>aquo</span> <span class='ocrx_word' id='word_1_271' title='bbox 375 3338 537 3399; x_wconf 85' lang='lat' dir='ltr'>humaniter</span> <span class='ocrx_word' id='word_1_272' title='bbox 552 3341 663 3415; x_wconf 86' lang='lat' dir='ltr'>accepti</span> <span class='ocrx_word' id='word_1_273' title='bbox 677 3322 786 3401; x_wconf 83' lang='lat' dir='ltr'>etcum</span> <span class='ocrx_word' id='word_1_274' title='bbox 810 3356 845 3400; x_wconf 86' lang='lat' dir='ltr'>co</span> <span class='ocrx_word' id='word_1_275' title='bbox 860 3339 938 3415; x_wconf 86' lang='lat' dir='ltr'>apud</span> <span class='ocrx_word' id='word_1_276' title='bbox 952 3318 1109 3414; x_wconf 82' lang='lat' dir='ltr'>principem</span> <span class='ocrx_word' id='word_1_277' title='bbox 1132 3326 1285 3411; x_wconf 78' lang='lat' dir='ltr'>electorem</span> <span class='ocrx_word' id='word_1_278' title='bbox 1297 3338 1351 3398; x_wconf 72' lang='lat' dir='ltr'>“Jo-</span> 
     </span>
     <span class='ocr_line' id='line_1_28' title="bbox 163 3429 1353 3520; baseline 0.001 -19"><span class='ocrx_word' id='word_1_279' title='bbox 163 3430 288 3503; x_wconf 59' lang='lat' dir='ltr'>&#39;aunem</span> <span class='ocrx_word' id='word_1_280' title='bbox 307 3438 485 3505; x_wconf 80' lang='lat' dir='ltr'>Friderisa&#39;m</span> <span class='ocrx_word' id='word_1_281' title='bbox 508 3447 608 3520; x_wconf 88' lang='lat' dir='ltr'>pransi</span> <span class='ocrx_word' id='word_1_282' title='bbox 627 3429 749 3519; x_wconf 85' lang='lat' dir='ltr'>snmus,</span> <span class='ocrx_word' id='word_1_283' title='bbox 762 3440 821 3505; x_wconf 79' lang='lat' dir='ltr'>cbi&#39;¹</span> <span class='ocrx_word' id='word_1_284' title='bbox 836 3450 866 3505; x_wconf 89' lang='lat' dir='ltr'>et</span> <span class='ocrx_word' id='word_1_285' title='bbox 887 3445 1011 3507; x_wconf 86' lang='lat' dir='ltr'>aderant</span> <span class='ocrx_word' id='word_1_286' title='bbox 1027 3446 1105 3519; x_wconf 61' lang='lat' dir='ltr'>,regii</span> <span class='ocrx_word' id='word_1_287' title='bbox 1123 3458 1267 3520; x_wconf 85' lang='lat' dir='ltr'>proceres,</span> <span class='ocrx_word' id='word_1_288' title='bbox 1290 3441 1353 3502; x_wconf 86' lang='lat' dir='ltr'>Der·</span> 
     </span>
     <span class='ocr_line' id='line_1_29' title="bbox 182 3531 1236 3626; baseline 0.002 -19"><span class='ocrx_word' id='word_1_289' title='bbox 182 3531 355 3621; x_wconf 84' lang='lat' dir='ltr'>Danheuser</span> <span class='ocrx_word' id='word_1_290' title='bbox 369 3555 399 3625; x_wconf 83' lang='lat' dir='ltr'>et</span> <span class='ocrx_word' id='word_1_291' title='bbox 413 3538 487 3610; x_wconf 46' lang='lat' dir='ltr'>aliis*</span> <span class='ocrx_word' id='word_1_292' title='bbox 498 3549 585 3624; x_wconf 82' lang='lat' dir='ltr'>Apud</span> <span class='ocrx_word' id='word_1_293' title='bbox 598 3543 784 3610; x_wconf 80' lang='lat' dir='ltr'>wilhelmum</span> <span class='ocrx_word' id='word_1_294' title='bbox 798 3551 929 3616; x_wconf 89' lang='lat' dir='ltr'>comitem</span> <span class='ocrx_word' id='word_1_295' title='bbox 944 3552 1048 3611; x_wconf 85' lang='lat' dir='ltr'>coenati</span> <span class='ocrx_word' id='word_1_296' title='bbox 1063 3566 1168 3622; x_wconf 86' lang='lat' dir='ltr'>scmus.</span> <span class='ocrx_word' id='word_1_297' title='bbox 1234 3619 1236 3626; x_wconf 18' lang='grc' dir='ltr'><strong><em>Α</em></strong></span> 
     </span>
     <span class='ocr_line' id='line_1_30' title="bbox 270 3636 1389 3733; baseline -0.002 -20"><span class='ocrx_word' id='word_1_298' title='bbox 270 3654 396 3714; x_wconf 83' lang='lat' dir='ltr'>Rumorc</span> <span class='ocrx_word' id='word_1_299' title='bbox 411 3636 588 3728; x_wconf 79' lang='lat' dir='ltr'>divulgatum</span> <span class='ocrx_word' id='word_1_300' title='bbox 602 3660 656 3727; x_wconf 90' lang='lat' dir='ltr'>est,</span> <span class='ocrx_word' id='word_1_301' title='bbox 679 3652 840 3728; x_wconf 88' lang='lat' dir='ltr'>pontificios</span> <span class='ocrx_word' id='word_1_302' title='bbox 855 3640 1303 3733; x_wconf 72' lang='lat' dir='ltr'>apudGaesarem&#39;intercessisso,</span> <span class='ocrx_word' id='word_1_303' title='bbox 1319 3656 1353 3712; x_wconf 91' lang='lat' dir='ltr'>nt</span> <span class='ocrx_word' id='word_1_304' title='bbox 1386 3689 1389 3693; x_wconf 93' lang='lat'><em>-</em></span> 
     </span>
     <span class='ocr_line' id='line_1_31' title="bbox 177 3743 1357 3843; baseline 0.004 -25"><span class='ocrx_word' id='word_1_305' title='bbox 177 3759 334 3821; x_wconf 77' lang='lat' dir='ltr'>‘conciones</span> <span class='ocrx_word' id='word_1_306' title='bbox 349 3743 721 3820; x_wconf 68' lang='lat' dir='ltr'>sacunintermitterentnr.</span> <span class='ocrx_word' id='word_1_307' title='bbox 744 3760 780 3820; x_wconf 88' lang='lat' dir='ltr'>In</span> <span class='ocrx_word' id='word_1_308' title='bbox 794 3758 887 3834; x_wconf 79' lang='lat' dir='ltr'>sigillo</span> <span class='ocrx_word' id='word_1_309' title='bbox 901 3759 1032 3822; x_wconf 81' lang='lat' dir='ltr'>Platonis</span> <span class='ocrx_word' id='word_1_310' title='bbox 1047 3761 1184 3839; x_wconf 84' lang='lat' dir='ltr'>seriptum</span> <span class='ocrx_word' id='word_1_311' title='bbox 1199 3758 1357 3843; x_wconf 24' lang='lat' dir='ltr'>eratthaffi</span> 
     </span>
     <span class='ocr_line' id='line_1_32' title="bbox 182 3839 1380 3940; baseline -0.002 -17"><span class='ocrx_word' id='word_1_312' title='bbox 182 3863 264 3923; x_wconf 89' lang='lat' dir='ltr'>cilins</span> <span class='ocrx_word' id='word_1_313' title='bbox 278 3839 323 3937; x_wconf 76' lang='lat' dir='ltr'>est</span> <span class='ocrx_word' id='word_1_314' title='bbox 336 3878 451 3922; x_wconf 83' lang='lat' dir='ltr'>movere</span> <span class='ocrx_word' id='word_1_315' title='bbox 467 3864 603 3939; x_wconf 87' lang='lat' dir='ltr'>quietum,</span> <span class='ocrx_word' id='word_1_316' title='bbox 623 3861 708 3938; x_wconf 87' lang='lat' dir='ltr'>qnam</span> <span class='ocrx_word' id='word_1_317' title='bbox 723 3861 854 3938; x_wconf 81' lang='lat' dir='ltr'>quietare</span> <span class='ocrx_word' id='word_1_318' title='bbox 868 3870 988 3939; x_wconf 83' lang='lat' dir='ltr'>motnm3</span> <span class='ocrx_word' id='word_1_319' title='bbox 1013 3868 1044 3929; x_wconf 88' lang='lat' dir='ltr'>iu</span> <span class='ocrx_word' id='word_1_320' title='bbox 1059 3866 1153 3940; x_wconf 79' lang='lat' dir='ltr'>sigillo</span> <span class='ocrx_word' id='word_1_321' title='bbox 1168 3863 1355 3923; x_wconf 73' lang='lat' dir='ltr'>Aristotelisr</span> <span class='ocrx_word' id='word_1_322' title='bbox 1366 3894 1380 3919; x_wconf 89' lang='lat'>·.</span> 
     </span>
     <span class='ocr_line' id='line_1_33' title="bbox 183 3960 1351 4053; baseline -0.002 -24"><span class='ocrx_word' id='word_1_323' title='bbox 183 3968 346 4043; x_wconf 84' lang='lat' dir='ltr'>Sapientior</span> <span class='ocrx_word' id='word_1_324' title='bbox 360 3974 418 4042; x_wconf 89' lang='lat' dir='ltr'>est,</span> <span class='ocrx_word' id='word_1_325' title='bbox 430 3969 480 4043; x_wconf 89' lang='lat' dir='ltr'>qui</span> <span class='ocrx_word' id='word_1_326' title='bbox 493 3969 574 4043; x_wconf 86' lang='lat' dir='ltr'>quod</span> <span class='ocrx_word' id='word_1_327' title='bbox 586 3960 667 4034; x_wconf 76' lang='lat' dir='ltr'>norb</span> <span class='ocrx_word' id='word_1_328' title='bbox 686 3969 849 4044; x_wconf 86' lang='lat' dir='ltr'>abscondit,</span> <span class='ocrx_word' id='word_1_329' title='bbox 867 3962 958 4053; x_wconf 71' lang='lat' dir='ltr'>qnam‘</span> <span class='ocrx_word' id='word_1_330' title='bbox 968 3971 1175 4053; x_wconf 85' lang='lat' dir='ltr'>qnipropalat,</span> <span class='ocrx_word' id='word_1_331' title='bbox 1192 3968 1270 4043; x_wconf 90' lang='lat' dir='ltr'>qnod</span> <span class='ocrx_word' id='word_1_332' title='bbox 1284 3984 1351 4027; x_wconf 90' lang='lat' dir='ltr'>nes-</span> 
     </span>
     <span class='ocr_line' id='line_1_34' title="bbox 182 4057 1355 4151; baseline 0.001 -18"><span class='ocrx_word' id='word_1_333' title='bbox 182 4057 239 4133; x_wconf 79' lang='lat' dir='ltr'>cit?</span> <span class='ocrx_word' id='word_1_334' title='bbox 254 4075 289 4135; x_wconf 92' lang='lat' dir='ltr'>Iu</span> <span class='ocrx_word' id='word_1_335' title='bbox 301 4068 397 4151; x_wconf 80' lang='lat' dir='ltr'>sigillo</span> <span class='ocrx_word' id='word_1_336' title='bbox 419 4067 559 4148; x_wconf 84' lang='lat' dir='ltr'>Socratis:</span> <span class='ocrx_word' id='word_1_337' title='bbox 587 4074 723 4138; x_wconf 89' lang='lat' dir='ltr'>Inimicus</span> <span class='ocrx_word' id='word_1_338' title='bbox 741 4075 865 4141; x_wconf 85' lang='lat' dir='ltr'>bominis</span> <span class='ocrx_word' id='word_1_339' title='bbox 884 4077 1051 4151; x_wconf 88' lang='lat' dir='ltr'>insipientia</span> <span class='ocrx_word' id='word_1_340' title='bbox 1066 4071 1153 4149; x_wconf 60' lang='lat' dir='ltr'>ejnsp</span> <span class='ocrx_word' id='word_1_341' title='bbox 1170 4076 1278 4135; x_wconf 88' lang='lat' dir='ltr'>amicus</span> <span class='ocrx_word' id='word_1_342' title='bbox 1298 4073 1355 4134; x_wconf 88' lang='lat' dir='ltr'>bo··</span> 
     </span>
     <span class='ocr_line' id='line_1_35' title="bbox 182 4163 1278 4255; baseline -0.001 -15"><span class='ocrx_word' id='word_1_343' title='bbox 182 4180 269 4240; x_wconf 91' lang='lat' dir='ltr'>minis</span> <span class='ocrx_word' id='word_1_344' title='bbox 281 4182 422 4255; x_wconf 85' lang='lat' dir='ltr'>sapientia</span> <span class='ocrx_word' id='word_1_345' title='bbox 437 4181 517 4254; x_wconf 62' lang='lat' dir='ltr'>ejus3⁴</span> <span class='ocrx_word' id='word_1_346' title='bbox 534 4181 564 4241; x_wconf 88' lang='lat' dir='ltr'>in</span> <span class='ocrx_word' id='word_1_347' title='bbox 579 4181 674 4255; x_wconf 76' lang='lat' dir='ltr'>sigillo</span> <span class='ocrx_word' id='word_1_348' title='bbox 689 4181 824 4242; x_wconf 85' lang='lat' dir='ltr'>Senecae:</span> <span class='ocrx_word' id='word_1_349' title='bbox 849 4163 997 4244; x_wconf 76' lang='lat' dir='ltr'>secretum</span> <span class='ocrx_word' id='word_1_350' title='bbox 1011 4198 1105 4245; x_wconf 86' lang='lat' dir='ltr'>meum</span> <span class='ocrx_word' id='word_1_351' title='bbox 1119 4181 1208 4251; x_wconf 82' lang='lat' dir='ltr'>mihi..</span> <span class='ocrx_word' id='word_1_352' title='bbox 1276 4232 1278 4236; x_wconf 77' lang='grc'>,</span> 
     </span>
     <span class='ocr_line' id='line_1_36' title="bbox 189 4266 1353 4371; baseline 0 -26"><span class='ocrx_word' id='word_1_353' title='bbox 189 4278 195 4282; x_wconf 68' lang='grc'>’</span> <span class='ocrx_word' id='word_1_354' title='bbox 270 4285 368 4345; x_wconf 87' lang='lat' dir='ltr'>Indie</span> <span class='ocrx_word' id='word_1_355' title='bbox 383 4286 557 4354; x_wconf 86' lang='lat' dir='ltr'>ascensionis</span> <span class='ocrx_word' id='word_1_356' title='bbox 569 4269 696 4364; x_wconf 78' lang='lat' dir='ltr'>domini,</span> <span class='ocrx_word' id='word_1_357' title='bbox 709 4289 757 4362; x_wconf 91' lang='lat' dir='ltr'>qui</span> <span class='ocrx_word' id='word_1_358' title='bbox 773 4292 838 4347; x_wconf 87' lang='lat' dir='ltr'>erat</span> <span class='ocrx_word' id='word_1_359' title='bbox 855 4280 895 4347; x_wconf 88' lang='lat' dir='ltr'>io</span> <span class='ocrx_word' id='word_1_360' title='bbox 911 4287 972 4371; x_wconf 82' lang='lat' dir='ltr'>dies</span> <span class='ocrx_word' id='word_1_361' title='bbox 987 4287 1063 4362; x_wconf 70' lang='lat' dir='ltr'>Mpp&#39;i·</span> <span class='ocrx_word' id='word_1_362' title='bbox 1074 4286 1127 4346; x_wconf 91' lang='lat' dir='ltr'>sub</span> <span class='ocrx_word' id='word_1_363' title='bbox 1142 4277 1256 4346; x_wconf 80' lang='lat' dir='ltr'>noctem</span> <span class='ocrx_word' id='word_1_364' title='bbox 1271 4266 1353 4345; x_wconf 73' lang='lat' dir='ltr'>Mar·¹</span> 
     </span>
     <span class='ocr_line' id='line_1_37' title="bbox 181 4378 1358 4473; baseline -0.001 -23"><span class='ocrx_word' id='word_1_365' title='bbox 181 4382 259 4450; x_wconf 83' lang='lat' dir='ltr'>tinns</span> <span class='ocrx_word' id='word_1_366' title='bbox 274 4378 382 4466; x_wconf 83' lang='lat' dir='ltr'>coquus</span> <span class='ocrx_word' id='word_1_367' title='bbox 401 4389 532 4468; x_wconf 76' lang='lat' dir='ltr'>&#39;episcopi</span> <span class='ocrx_word' id='word_1_368' title='bbox 546 4392 797 4465; x_wconf 79' lang='lat' dir='ltr'>Monasterieusis,</span> <span class='ocrx_word' id='word_1_369' title='bbox 822 4392 871 4465; x_wconf 88' lang='lat' dir='ltr'>qni</span> <span class='ocrx_word' id='word_1_370' title='bbox 893 4392 1053 4473; x_wconf 83' lang='lat' dir='ltr'>consilariis</span> <span class='ocrx_word' id='word_1_371' title='bbox 1074 4393 1213 4466; x_wconf 73' lang='lat' dir='ltr'>Augusta</span> <span class='ocrx_word' id='word_1_372' title='bbox 1235 4380 1358 4457; x_wconf 86' lang='lat' dir='ltr'>additus</span> 
     </span>
     <span class='ocr_line' id='line_1_38' title="bbox 182 4480 1353 4581; baseline -0.001 -26"><span class='ocrx_word' id='word_1_373' title='bbox 182 4501 256 4573; x_wconf 89' lang='lat' dir='ltr'>erat,</span> <span class='ocrx_word' id='word_1_374' title='bbox 272 4496 310 4557; x_wconf 90' lang='lat' dir='ltr'>ab</span> <span class='ocrx_word' id='word_1_375' title='bbox 324 4496 506 4571; x_wconf 88' lang='lat' dir='ltr'>adolescente</span> <span class='ocrx_word' id='word_1_376' title='bbox 520 4480 654 4575; x_wconf 82' lang='lat' dir='ltr'>quopiam</span> <span class='ocrx_word' id='word_1_377' title='bbox 668 4496 790 4559; x_wconf 87' lang='lat' dir='ltr'>Didonis</span> <span class='ocrx_word' id='word_1_378' title='bbox 806 4494 1042 4581; x_wconf 84' lang='lat' dir='ltr'>aKniephauseu</span> <span class='ocrx_word' id='word_1_379' title='bbox 1061 4497 1168 4581; x_wconf 77' lang='lat' dir='ltr'>famulo</span> <span class='ocrx_word' id='word_1_380' title='bbox 1182 4494 1353 4557; x_wconf 82' lang='lat' dir='ltr'>interiectus</span> 
     </span>
    </p>
   </div>
   <div class='ocr_carea' id='block_1_2' title="bbox 0 0 1514 5225">
    <p class='ocr_par' dir='ltr' id='par_1_2' title="bbox 0 0 1514 5225">
     <span class='ocr_line' id='line_1_39' title="bbox 0 0 1514 5225; baseline 0 1"><span class='ocrx_word' id='word_1_381' title='bbox 0 0 1514 5225; x_wconf 95' lang='lat' dir='ltr'> </span> 
     </span>
    </p>
   </div>
  </div>
 </body>
</html>
