3017 5225
709 406 774 503 'ras

149 624 188 682 In
201 618 307 681 litteris
322 621 501 682 induciarum
523 620 670 695 quibusvis
688 620 763 679 liber
782 636 914 679 accessum
935 637 970 679 ex
985 621 1161 682 Ferdinandi
1180 623 1280 697 regnis·
1292 624 1324 681 in

150 728 314 786 Turcarnm
328 727 448 807 imperio
465 727 693 799 negociationem
713 727 760 784 vel
778 726 905 811 aliarum
918 740 1016 784 rerum
1031 742 1100 800 ergo
1114 728 1280 791 conceditur
1294 733 1328 787 et

150 818 302 905 amnuo,
326 831 452 905 exceptis
467 836 563 890 tarum
577 830 722 903 gentibus,
744 845 816 901 quas
829 830 1027 903 Heydeloseu,
1052 831 1242 906 Martolosen‚
1258 833 1323 891 Vis·

151 936 253 995 kuken
265 938 425 1022 nominant.
458 936 610 995 Prouism
625 942 669 995 est
684 941 714 994 et
727 936 758 992 in
771 933 816 991 bis
830 934 943 1008 litteris,
959 940 992 993 ut
1004 934 1175 1006 Rixaspides
1190 938 1228 995 ab
1241 942 1324 1012 utra-¹

150 1056 212 1112 que
227 1044 311 1112 parte
328 1040 449 1125 dominis
463 1026 655 1099 remittantur.
680 1038 872 1111 Heydeloscn,
888 1039 1075 1113 Martolosen,
1091 1040 1240 1111 Vislurlren
1254 1058 1323 1114 gen·

150 1150 196 1203 tes
212 1144 331 1203 suntad
350 1146 487 1205 terminos
506 1144 721 1203 Pannoniarum
742 1143 1019 1217 Constantinopolim
1040 1160 1155 1218 uersus,
1177 1144 1323 1204 hominum

149 1266 243 1323 genus
265 1248 327 1307 fere
350 1248 490 1321 sylvestre
509 1250 601 1307 instar
621 1248 663 1325 (si
678 1247 784 1307 fabulis
804 1236 875 1306 fides
894 1245 1039 1323 habenda)
1059 1250 1164 1321 satyris
1185 1265 1324 1310 cavernas

25 1336 28 1339 ¹
129 1395 134 1400 -
150 1358 302 1437 petrarum
317 1358 347 1411 et
361 1352 484 1425 abrupta
493 1354 632 1411 montium
641 1352 842 1426 inhabitantes,
860 1368 896 1431 en
910 1353 1011 1425 praeda
1025 1358 1055 1411 et
1068 1349 1227 1412 latrociniis
1241 1356 1323 1424 victi

150 1462 256 1529 tontes,
273 1457 323 1529 qni
337 1455 522 1515 ‘Christianos
546 1458 577 1525 in
591 1458 724 1516 anciauu
746 1454 960 1530 proficiscentes
973 1458 1020 1515 uel
1035 1474 1053 1515 a
1068 1458 1264 1530 negociatione
1277 1476 1324 1524 re,-

42 1615 46 1620 .
151 1560 274 1620 deuntes
294 1560 361 1621 dolo
381 1562 589 1635 aggrediuntur
610 1556 650 1619 ac¹
664 1560 742 1621 furto
766 1562 926 1633 abducunt,
952 1576 1001 1619 eos
1025 1563 1070 1621 uel
1085 1562 1253 1635 pendentes,
1275 1564 1323 1628 ra}

149 1660 336 1724 tacrrltatibns
357 1666 536 1725 mulctantes.
573 1665 716 1726 Dicuntur
739 1671 834 1724 autem
855 1682 918 1723 esse
939 1665 1068 1724 homines
1082 1668 1221 1740 inermes,
1244 1662 1324 1741 apud

151 1784 225 1841 qnos
249 1769 343 1827 nullus
363 1781 508 1829 armorum
526 1786 595 1836 usus
616 1771 669 1842 sit,
685 1775 796 1843 praeter
815 1766 906 1827 fustes
919 1770 1030 1855 ligneos
1045 1770 1092 1830 vel
1105 1774 1231 1847 perticas
1245 1789 1321 1862 pra,-

151 1872 330 1931 acuminatas
346 1875 447 1933 Turcis
462 1890 544 1947 aeque
560 1891 594 1933 ac
610 1874 780 1933 Christianis
795 1873 879 1932 invisi
895 1880 949 1933 etc.

210 2022 212 2027 s
241 1978 402 2053 ‚Tributum
419 1980 497 2052 qnod
511 1979 725 2041 aFerdinando
737 1978 896 2036 Tur-carum
910 1977 1077 2051 imperatori
1093 1979 1188 2053 datur,
1204 1978 1242 2037 ad
1256 1993 1323 2052 por·

152 2088 214 2141 tom
229 2088 359 2170 sanctam
373 2098 426 2155 per
441 2084 587 2143 ministros
601 2084 698 2156 regios
712 2083 867 2154 quotannis
880 2082 1014 2161 mittitur.
1337 2089 1342 2097 ’

243 2187 573 2262 Turcammimperator
588 2190 618 2245 in
633 2186 826 2245 contractibus
840 2186 895 2245 hoc
910 2184 1056 2253 exordium
1072 2191 1184 2245 seruat:
1207 2187 1322 2246 Auxilio
1348 2252 1350 2256 ,

151 2288 199 2349 dei
214 2293 415 2365 omnipotentis
431 2299 460 2351 et
474 2292 597 2364 apostoli
613 2293 706 2351 nostri
721 2292 813 2349 sandi
827 2285 985 2355 bduhcmet.

241 2387 381 2455 Undecim
404 2397 561 2456 ducatuum
580 2396 705 2455 barones
728 2402 758 2455 et
778 2395 889 2454 nobiles
909 2394 1038 2469 ungarici
1051 2394 1212 2454 ancarum
1232 2395 1332 2468 impeo

70 2528 81 2551 ο
149 2498 243 2571 ratori
258 2495 506 2574 tributa‘pendere
522 2502 652 2575 stipulati
666 2506 742 2559 sunt.
1125 2561 1128 2567 ,
1238 2583 1241 2586 ¹

199 2683 202 2692 ἱ
241 2604 376 2680 Zanzeri,
393 2606 592 2680 Begeboiarii,
610 2606 773 2680 Zanzegen,
790 2605 930 2680 Zeugma,
947 2592 1238 2678 Guma'rcceptseula
1251 2604 1323 2664 Hei·

154 2707 356 2768 dochicrum.·
420 2723 430 2776 ’,
761 2693 777 2775 ”,
1236 2718 1238 2721 ’

225 2802 364 2889 Datum,
386 2821 419 2874 ut
439 2822 558 2888 uocant,
583 2816 743 2875 litterarum
765 2814 944 2873 induciarum
962 2815 1004 2872 sic
1022 2813 1122 2872 habet:
1153 2811 1239 2876 Anno
1260 2813 1323 2870 nati

150 2921 276 2992 apostoli
308 2921 400 2979 nostri
426 2921 651 2994 nongentesimo
672 2921 906 2994 quiuquagesimo
934 2935 1024 2992 nono,
1055 2918 1155 2976 ultima
1173 2917 1320 2990 Octobris3

152 3025 223 3084 anni
237 3039 307 3082 vero
323 3023 503 3083 induciarum
515 3011 576 3098 jann
590 3031 650 3084 tres
664 3026 840 3101 praeteriere.
951 3099 964 3109 „
1179 3015 1183 3019 ’

242 3127 386 3202 Liberius,
400 3133 432 3186 ut
440 3129 502 3202 ipse
513 3123 620 3208 aiebat,
630 3136 697 3190 ante
705 3129 983 3201 meridiemViglinm
995 3127 1320 3198 convenirenonpotnit,

238 3232 351 3290 Eadem.
365 3234 509 3292 hortulum
531 3236 632 3292 animae
649 3252 666 3292 a
683 3234 809 3306 Georgia
824 3234 948 3306 quodam
959 3219 1192 3303 Noninbergense
1207 3230 1244 3289 ab
1258 3231 1323 3312 ipso

148 3333 264 3410 filiabus
280 3338 520 3409 salsiuscriptarn
541 3344 570 3396 ct
591 3338 814 3396 consolationem
835 3334 1064 3394 christifidelium
1077 3316 1108 3390 in
1122 3335 1322 3406 persecutione

148 3457 204 3514 per
222 3442 389 3514 magistrum
410 3442 506 3501 Vitum
529 3441 712 3500 Theodorum
739 3443 930 3514 conscriptam
955 3440 1017 3514 prc‘
1029 3438 1146 3497 domina
1165 3451 1250 3494 socru
1269 3450 1322 3493 sex

150 3545 242 3616 batzis
256 3547 429 3618 comparari.
1339 3605 1342 3608 ,

84 3725 86 3728 Ι
145 3661 147 3665 ·
186 3649 348 3731 ἱ,Ειιίιιιι
371 3650 437 3708 dnm
460 3649 504 3708 ab·
517 3639 641 3722 hospitio
661 3649 806 3708 Wilhelnri
827 3650 938 3732 comitis
960 3654 1040 3708 rectu
1068 3658 1121 3722 per
1148 3647 1350 3707 dominicumx

150 3755 333 3834 transeuntes
346 3752 507 3826 hospitium
525 3761 655 3814 nostrum
678 3754 815 3827 petimus,
838 3740 958 3812 adinum
980 3756 1048 3812 ante
1073 3769 1154 3812 casas
1173 3749 1321 3824 cujusdam
1369 3772 1373 3778 ’

150 3855 314 3930 bibliopclae
325 3858 365 3926 'in
384 3859 508 3931 gratiam
528 3860 704 3942 papistarum
724 3851 878 3931 imaginem
895 3859 1083 3930 >imperatoris
1097 3856 1204 3924 vturcici
1223 3855 1261 3929 ad
1279 3855 1322 3937 vi·

153 3977 220 4018 vum
234 3961 377 4034 depictam
392 3979 529 4043 unacum
543 3964 643 4022 charta
659 3942 839 4041 quadam,'in
855 3968 956 4034 quaet
975 3960 1084 4034 effigies
1099 3941 1199 4035 optimi
1213 3959 1319 4032 princi·
1395 3970 1398 3975 “

151 4065 194 4137 pis
215 4064 336 4142 Joannis
357 4067 499 4127 Fridcrici
519 4065 599 4126 ducis
620 4068 751 4144 Saroniae
772 4072 826 4126 etc.
857 4067 990 4129 electoris
1017 4065 1156 4123 deliniata
1178 4067 1255 4135 erat,
1278 4064 1321 4120 ita

150 4174 290 4244 prostare,
307 4172 340 4228 ut
354 4177 476 4244 uterque
492 4155 627 4244 alterum,
648 4164 685 4230 3ut
699 4173 740 4230 ita
754 4172 867 4245 loquar,
882 4171 1051 4228 intueretur.
1088 4166 1212 4227 Volebat
1225 4171 1322 4242 antem

150 4261 306 4346 bibliopola
320 4273 376 4333 hac
390 4275 502 4348 pictura
517 4271 677 4350 ostendere,
691 4275 745 4336 hos
759 4275 831 4334 duos
846 4279 876 4332 et
889 4273 1015 4346 eJusdem
1030 4272 1242 4331 ceraehomines
1257 4287 1339 4330 esses

150 4374 359 4461 etschri'stlanoe
381 4379 546 4452 reipublicae
569 4380 763 4441 atrocissimos
782 4378 889 4437 hostes.
921 4358 1077 4435 Verumne
1091 4381 1230 4448 perpetuo
1244 4376 1319 4448 opti-

149 4481 359 4558 u'nusprinceps
375 4483 569 4561 derideretur,
582 4501 635 4560 pro
651 4501 701 4544 sex
715 4484 808 4544 bacis
822 4489 973 4556 unamque
988 4483 1128 4556 picturam
1143 4481 1207 4561 emi.
1232 4528 1234 4534 .
1304 4482 1308 4487 “
1344 4525 1350 4551 ,
