3017 5225
733 432 798 498 158

264 612 345 676 lutra
359 619 473 690 portam
486 613 580 688 urbis,
603 628 689 686 quam
703 612 823 672 rubeam
837 610 998 686 appellant,
1024 614 1054 670 et
1073 610 1214 684 pomceria
1233 609 1264 668 in
1272 623 1347 685 pro·

176 721 345 796 pugnacuiis
368 717 536 792 quibusdam
558 731 646 792 super
664 715 797 790 insigniis
816 731 948 776 casmeae
970 716 1130 789 majestatis
1152 719 1181 776 et
1195 714 1275 774 urbis
1289 713 1349 774 Au·

177 830 268 900 gustae
283 825 466 884 insaxoboc
481 823 658 896 epigramma
672 821 792 880 incisum
807 819 939 894 legimus:
1234 829 1237 836 ·

386 939 478 990 Aurea
491 936 602 988 libertus
618 935 677 986 bac
692 926 894 1002 propugnacula
912 935 983 998 iacit,

422 1023 502 1076 Hosti
519 1040 554 1074 ne
572 1024 619 1084 (iat
635 1021 725 1090 praeda
742 1029 852 1074 cruenta
870 1023 943 1074 iero.¹

385 1113 429 1162 Sic
450 1119 538 1165 tumen
556 1118 586 1160 ut
602 1125 698 1160 nomeu
717 1109 816 1160 domini
835 1111 978 1161 fortissima
995 1111 1074 1160 turris

424 1199 519 1249 Rideat
536 1198 658 1261 insultus,
677 1199 798 1260 tormina,
816 1197 879 1259 tela,
900 1197 980 1248 iaces.

387 1289 455 1340 Nam
472 1287 526 1338 nisi
544 1286 723 1357 sieldominus
740 1291 830 1336 nester
846 1285 990 1336 fabricator
1007 1289 1033 1334 et
1051 1281 1125 1336 urbis

423 1377 475 1438 Qui
492 1372 571 1427 struit
587 1380 614 1424 et
631 1374 730 1440 vigilat
744 1371 785 1423 nil
802 1374 855 1423 nisi
873 1386 942 1423 vana
960 1371 1031 1422 iacit

267 1501 353 1561 Nunc
369 1496 489 1559 libertas
504 1495 642 1573 Augustae
661 1496 724 1557 iere
743 1497 900 1556 straminea
920 1501 978 1570 est,
1001 1496 1026 1553 si
1039 1499 1073 1554 ut
1086 1497 1211 1568 coeptum
1227 1498 1271 1553 est
1284 1508 1352 1567 pro-

181 1605 360 1680 grederetur.
838 1647 844 1659 .
1296 1647 1297 1651 ,
1345 1619 1348 1622 -

269 1704 381 1766 Eadem
395 1705 473 1765 Dido
492 1705 728 1777 aKniephausen
747 1703 895 1763 nobiscum
916 1717 1033 1763 coenare
1051 1703 1157 1776 voluit,
1179 1699 1231 1760 aed
1254 1703 1351 1789 neseio

183 1829 240 1888 qua
255 1810 290 1871 de
305 1827 392 1870 causa
406 1811 482 1869 domi
495 1811 644 1868 remansit.
687 1825 692 1830 ·
1103 1809 1105 1822 '

272 1915 383 1975 Eadem
397 1916 486 1974 libros
501 1919 565 1974 octo
579 1913 777 1989 precationum
791 1925 937 1971 sacrarum
960 1923 1013 1984 pro
1028 1891 1116 1970 aureo
1131 1926 1189 1970 uno
1204 1922 1353 1984 compara·

182 2023 275 2081 rimus
292 2018 314 2096 ¹,
339 2021 494 2080 chronicon
507 2019 576 2077 item
591 2033 747 2076 casareum
761 2016 885 2091 Appiani
907 2033 960 2091 pro
976 2013 1101 2088 quinque
1116 2013 1231 2074 florenis
1245 2015 1351 2088 aureis,

182 2128 384 2188 testamentum
400 2141 503 2184 novum
518 2139 571 2197 pro
587 2129 697 2197 septem
710 2121 815 2196 batnis,
835 2121 896 2181 Der
909 2121 1021 2182 Leienn
1034 2119 1129 2181 Bibell
1150 2133 1204 2193 pro
1228 2121 1353 2191 quatuor

182 2231 284 2291 butzis.
648 2300 650 2304 ,
1000 2227 1003 2236 “
1070 2235 1074 2240 ’
1102 2217 1103 2220 '

270 2332 329 2392 Per
343 2333 362 2392 J
363 2348 484 2392 oannem
497 2329 697 2404 Milchlingnm
711 2327 809 2390 comiti
823 2345 842 2389 a
855 2329 970 2390 Nassau
983 2329 1095 2389 litteras
1110 2327 1148 2389 ad
1161 2327 1355 2388 marchionem

184 2434 335 2496 Albertum
349 2435 585 2495 transmittendas
599 2437 630 2493 in
645 2450 732 2493 causa
746 2433 880 2509 Dalwigk
895 2429 1001 2494 deferri
1016 2435 1186 2493 curavimus.

272 2537 381 2597 Eadem
396 2539 538 2596 Heurieus
554 2537 645 2598 (instit
658 2535 779 2598 adduxit
792 2538 945 2621 Matthiom
964 2538 1068 2598 Zoluer
1092 2554 1107 2598 e
1122 2535 1263 2598 famulitio
1277 2553 1354 2596 mer·

183 2650 312 2703 catorum
327 2642 379 2702 der
385 2641 521 2703 Kreffter.
544 2645 573 2702 Is
588 2660 698 2703 meeum
712 2645 870 2703 collocutus
885 2643 920 2702 de
936 2636 1092 2702 inuisendis
1106 2643 1222 2703 mineris
1238 2642 1355 2702 inlsen·

184 2749 319 2823 bargiaco
333 2754 430 2807 monte
447 2764 506 2807 non
521 2751 622 2822 procul
636 2767 655 2808 a
670 2747 831 2808 Gorbaehio
846 2749 910 2807 sito.
951 2746 1141 2831 Convenimus
1160 2752 1193 2806 ut
1211 2764 1265 2807 nos
1279 2747 1357 2807 idem

183 2853 322 2912 Matthias
337 2852 547 2911 incomitatum
561 2858 691 2911 nostrum
705 2859 834 2926 tempere
849 2855 1011 2926 opportuno
1027 2851 1227 2924 subsequatur.

274 2955 387 3015 Odenati
401 2960 469 3013 sunt
483 2956 629 3016 uobiscum
644 2971 682 3013 m.
698 2955 886 3015 Sebastianus
902 2954 1038 3015 Glosems
1053 2962 1084 3015 et
1097 2934 1355 3015 Joaunesliatuen·

185 3036 289 3131 berger
303 3057 516 3131 archiepiscopo
532 3059 697 3143 Trevirensi
710 3075 729 3116 a
742 3059 861 3133 poculis.

273 3159 366 3222 Wulii
383 3163 485 3222 Haller
506 3163 543 3223 ab
563 3142 739 3222 Hallerstein
762 3164 793 3223 iu
813 3162 943 3223 inferiori
965 3162 1120 3223 Germania
1142 3178 1178 3221 ex
1192 3161 1357 3233 civitatibus

186 3266 319 3335 Saxoniae
340 3282 415 3325 nune
426 3268 537 3325 oaesari
552 3284 629 3342 eam,
652 3284 738 3340 quam
752 3269 847 3327 adbuc
863 3284 899 3327 ex
919 3268 1041 3342 pecunia
1058 3264 1230 3327 defensionis
1247 3264 1291 3342 (ιιι
1304 3282 1356 3325 vo·

185 3367 264 3446 cant)
280 3370 441 3443 debebant,
464 3388 518 3447 pro
533 3366 659 3431 subsidio
682 3377 783 3431 contra
804 3374 927 3431 Turoam
942 3373 1066 3446 collegit.
1103 3370 1184 3431 idem
1199 3368 1301 3429 Haller
1315 3369 1359 3428 ait

185 3476 316 3539 civitates
331 3473 480 3535 saxonicas
496 3483 525 3536 et
540 3492 603 3550 eas,
624 3493 696 3549 quas
710 3476 819 3537 Hansae
832 3482 949 3550 vocant,
974 3491 1082 3536 oceano
1103 3473 1274 3535 Germanico
1288 3489 1357 3547 pro·

185 3580 276 3638 rimas
291 3580 328 3638 ob
343 3580 462 3637 Interim
476 3580 548 3637 illud
561 3581 739 3640 tumultuari.

276 3682 405 3755 Exurge,
421 3698 438 3741 ο
455 3681 578 3756 domine,
594 3688 623 3742 et
638 3700 705 3745 eum
717 3702 802 3758 quem
818 3684 920 3745 dedisti
935 3686 1142 3760 legislatorem,
1150 3685 1201 3743 cui
1217 3682 1314 3743 omnia
1327 3682 1359 3741 in

186 3801 287 3844 manus
308 3784 518 3860 contradidisti,
549 3786 647 3846 Jesum
670 3788 815 3848 Christum
834 3788 978 3849 dominum
999 3794 1129 3849 nostrum
1148 3786 1195 3848 fac
1216 3787 1358 3848 dominari

186 3888 217 3947 in
231 3888 325 3949 medio
339 3890 519 3949 inimicarum
529 3886 659 3967 'suorum
680 3899 713 3952 ut
727 3893 820 3953 sciant
834 3895 950 3954 tandem
964 3910 1049 3969 reges
1064 3900 1094 3954 et
1107 3894 1261 3969 principes,
1279 3890 1359 3965 quod

186 3992 315 4053 homines
328 3979 407 4054 sunt.

224 4106 228 4113 “
275 4096 385 4157 Eadem
400 4099 483 4160 nobis
498 4099 653 4160 indicatum
668 4108 712 4161 est
726 4119 779 4176 per
789 4103 919 4163 homines
929 4120 987 4163 non
999 4105 1093 4162 minus
1108 4101 1172 4178 pioi
1187 4116 1273 4175 quam
1288 4098 1357 4157 doc-

187 4205 248 4276 tos,
265 4204 407 4275 quomodo
423 4220 454 4263 se
467 4205 561 4278 ipsum
579 4206 706 4267 Joannes
720 4198 844 4266 Islebius
858 4208 981 4269 titularit
997 4213 1026 4268 et
1041 4224 1126 4284 qoam
1141 4205 1256 4265 sibimet
1269 4202 1358 4263 homo

764 4385 780 4420 *
859 4379 865 4398 l

262 4505 273 4550 1
294 4498 356 4551 Lien
374 4499 593 4552 Asuouomioum.
622 4500 682 4565 Vgl.
702 4518 762 4553 sum
782 4506 814 4552 14
832 4502 910 4553 duur
