3017 5225
715 398 777 466 197

155 583 290 655 Tandem
308 589 409 643 mutuo
424 582 506 645 nobis
521 580 639 646 lausto
632 602 662 645 m
677 528 791 646 obruto
805 592 957 691 precantes
972 588 1021 647 ille
1036 589 1175 649 domum
1166 603 1261 666 sunm,
1277 602 1331 667 eg'o

158 694 258 775 antem
272 688 311 749 ed
324 688 479 763 hospitium
494 664 685 766 regredior

173 810 174 815 ¹
250 794 378 855 Jcsnues
402 791 523 853 Goselus
546 792 685 859 ducentos
708 800 737 854 et
759 795 968 870 quinquaginta
992 794 1118 859 florenos
1140 801 1179 859 ad
1197 802 1333 863 bimestre

159 906 275 975 tempm
290 897 381 958 nobis
388 888 487 957 mutuo
502 898 623 959 dedit.

248 1003 400 1065 nanuum
415 1004 452 1063 ed
468 1002 618 1063 Glnsernm
633 1005 711 1077 misi,
735 991 771 1067 ut
781 1005 806 1063 si
821 1006 871 1079 qui
885 1006 924 1065 ad
937 1007 1095 1082 principem
1115 1026 1196 1068 sunm
1219 1012 1253 1070 lit
1240 1017 1332 1073 iteras

156 1109 229 1191 dare
243 1109 338 1182 vellet,
361 1124 410 1169 ees
427 1084 505 1167 ocius
520 1106 730 1182 conscriberet,
752 1125 819 1167 nam
832 1126 878 1168 me
891 1111 946 1169 sub
961 1115 1093 1171 octavam
1107 1112 1174 1173 hinc
1190 1085 1330 1175 discessu·

154 1202 231 1275 Ιιιιιιι.
255 1210 373 1273 Interim
387 1213 418 1270 in
432 1212 567 1289 hospitio,
585 1229 648 1286 quae
661 1212 702 1273 'ed
717 1212 921 1288 profectionem
937 1218 1100 1277 necessaria
1116 1224 1209 1294 crant,
1224 1236 1328 1293 parare

152 1321 238 1395 jussi.
361 1331 365 1335 ·
852 1385 855 1392 .
1259 1313 1263 1317 ’

249 1424 388 1485 Volebam
403 1428 433 1482 et
447 1422 474 1481 d.
491 1422 642 1482 Nicolaum
657 1422 752 1483 Maior
766 1426 929 1499 convenire,
946 1441 1045 1488 remim
1061 1429 1085 1486 is
1101 1425 1227 1490 nondum
1244 1433 1327 1492 ado·

156 1530 236 1589 mino
251 1528 388 1589 Udnlrico
402 1544 537 1615 reversus
552 1514 624 1587 arat.

209 1706 212 1709 ,
249 1636 322 1695 Post
335 1636 485 1709 septimam
501 1648 601 1693 rursus
616 1634 750 1693 Liborins
767 1633 971 1710 Obernburger
985 1638 1055 1697 adit.
1079 1639 1144 1713 Ego
1157 1639 1330 1707 Atrebatem·

157 1754 219 1801 sem
235 1728 389 1801 convenire
405 1740 501 1801 statui.
532 1736 579 1797 Ad
594 1740 703 1797 curiam
718 1742 815 1797 autern
830 1740 961 1812 praesulis
974 1744 1092 1807 ‚veniens
1112 1743 1218 1803 ibidem
1238 1741 1328 1805 Dido·

157 1862 224 1905 nem
240 1844 478 1917 aKniepbausen
504 1843 609 1903 inveni.
640 1842 686 1901 Ειι
708 1844 764 1903 hoc
786 1845 965 1919 quaerebam,
989 1846 1059 1919 qnid
1076 1849 1328 1920 marcommann-

157 1950 292 2027 penheim
307 1964 456 2027 promere
471 1964 507 2007 ex
522 1953 588 2007 actu
602 1949 652 2008 illo
666 1947 830 2007 deberetur.
853 1950 1030 2025 Respondit·
1039 1927 1250 2028 nibilprorsus,¹
1263 1971 1329 2013 nam

158 2071 217 2121 nou
232 2055 346 2115 manuni
361 2055 407 2124 vel
421 2070 466 2113 me
481 2054 527 2113 vel
542 2054 674 2118 comitem
690 2053 865 2128 aRcthberg
880 2041 1032 2127 quicquain
1046 2041 1096 2113 illi¹
1105 2056 1227 2129 dedisse.
1252 2057 1328 2117 Dum

158 2163 256 2233 itaque
271 2158 307 2221 de
321 2158 613 2227 redimendis'litteris
627 2157 813 2231 remissoriis,
837 2164 869 2217 ιιι
883 2164 1001 2232 ιιιιιιιιι,·
1022 2176 1074 2217 nos
1089 2160 1145 2219 duo
1161 2160 1326 2221 confabula-

157 2281 270 2339 remur,
293 2269 455 2338 opportune
478 2264 809 2323 Zuichenusasturcone
829 2268 927 2323 vectus
942 2263 1054 2341 ⁸ibidem
1076 2264 1168 2331 adest.
1206 2266 1252 2323 Ex
1273 2264 1328 2326 hoc

157 2372 246 2446 igitur
261 2369 465 2443 Kniephausen
481 2368 593 2442 singula
606 2368 767 2435 sciscitatus
781 2375 869 2441 atque
882 2369 945 2428 haec
960 2368 1077 2439 edoctus
1092 2375 1150 2444 est,
1172 2369 1236 2432 illae
1251 2370 1328 2431 inira

160 2478 302 2561 ducentos,
314 2472 439 2535 florenos
454 2489 513 2532 non
527 2464 640 2533 redimi.
671 2473 750 2532 Nota
765 2481 862 2535 autem
876 2476 963 2536 aliam
976 2492 1040 2535 esse
1055 2463 1197 2536 rationein
1218 2491 1326 2551 eorum,

139 2617 143 2622 -
159 2596 281 2656 quorum
296 2560 493 2667 possessiones
508 2592 598 2638 cessar
613 2572 698 2636 alic'm
714 2579 750 2640 ab
759 2596 794 2641 eo
802 2581 848 2640 rel
856 2596 1050 2655 possessorem
1060 2582 1242 2656 redimendas
1251 2583 1328 2644 dono

159 2687 285 2760 dederit,
310 2665 471 2756 eteorum,
495 2700 513 2743 a
535 2683 640 2757 quibus
659 2698 750 2742 caesar
765 2686 827 2757 ipse
841 2684 975 2745 mulctam
990 2687 1104 2759 accipit.
1137 2686 1183 2745 Ex
1198 2688 1327 2759 priorum

159 2794 234 2852 eninr
249 2785 401 2868 largitione
414 2793 467 2851 aut
481 2787 604 2868 propina
620 2779 796 2865 cancellariae
812 2789 858 2883 (nt
872 2787 1003 2886 vocant),
1026 2790 1081 2854 boe
1103 2797 1148 2849 est
1167 2776 1325 2851 scribarum

158 2897 303 2971 sodalitio,
319 2896 491 2954 centesimus
505 2909 635 2952 nummus
647 2893 735 2956 cedit
765 2894 832 2963 Mos
847 2897 923 2954 enim
938 2899 1102 2983 ostiariam,
1119 2899 1277 2968 otvoceut,
1294 2901 1339 2969 nt,

158 3017 263 3063 eorum
278 2999 368 3085 uerbo
390 3004 470 3072 utar,
500 2999 661 3057 litterarum
684 2997 757 3062 fieri
803 3000 860 3059 Sed
883 3001 920 3060 ad
942 3000 1165 3060 Atrebatensem
1186 3005 1325 3060 revertar

156 3107 279 3169 Animus
298 3075 394 3190 autem
416 3107 480 3164 erat
499 3097 579 3160 fliam
599 3105 752 3164 convenire
772 3122 807 3164 ac
828 3107 936 3182 gratias
956 3105 999 3162 illi
1018 3122 1118 3179 egere;
1143 3108 1194 3166 sed
1212 3112 1326 3179 tempus

157 3212 339 3272 dilabebatur
355 3216 411 3270 ιιι
398 3205 555 3269 timendum
569 3210 638 3266 mihi
653 3207 763 3282 luerat,
785 3225 823 3267 ne
838 3214 905 3300 ante
919 3214 1050 3284 nostrum
1073 3191 1181 3271 abitum
1203 3225 1327 3269 noverca

156 3316 258 3377 urbem
273 3309 403 3376 intraret
436 3295 627 3386 Quamobrem
642 3312 817 3377 cubiculario
833 3296 973 3386 episcopi,
991 3324 1055 3383 ques
1070 3311 1142 3370 bero
1157 3329 1209 3371 suo
1223 3311 1327 3372 referri

156 3421 297 3495 volebam,
313 3420 456 3506 mandari,
473 3435 507 3478 ac
521 3417 592 3478 illud
607 3418 718 3476 consilii
733 3419 804 3510 cepi,
820 3422 853 3477 ut
861 3416 1033 3490 szmgero
1044 3417 1162 3491 praesuli
1176 3434 1194 3474 a
1209 3418 1326 3476 secretis
1416 3390 1419 3403 ¹

156 3528 242 3606 taleri
251 3526 348 3586 decem
357 3543 411 3600 pro
424 3525 579 3584 honorario
594 3522 732 3582 darentur
745 3538 783 3580 ac
796 3523 822 3580 is
836 3537 889 3580 nos
904 3522 982 3596 apud
996 3523 1159 3596 episcopum
1175 3524 1326 3580 excusatos

157 3627 285 3704 haberet,
298 3635 332 3700 'et
347 3613 478 3704 cesareae
488 3629 647 3710 majestati,
664 3629 689 3686 si
703 3627 830 3700 posthaec
845 3629 907 3700 ejus
916 3628 1180 3700 opereindigerem,
1196 3624 1325 3684 sedulum

137 3716 148 3782 ⁵·
157 3729 373 3803 sollicitatorem
397 3741 510 3811 ageret,
535 3751 620 3807 quam
642 3733 792 3806 pecuniam
811 3733 987 3794 Liberiusa
1004 3748 1050 3789 me
1070 3732 1193 3805 accepit,
1217 3747 1285 3799 nam
1301 3731 1326 3788 is

157 3841 297 3916 Auguste
313 3841 406 3904 adhuc
421 3815 641 3912 pernoctaturus
657 3843 742 3921 erat.

187 3933 192 3940 ’
240 3946 360 4007 »Deinde
375 3943 511 4007 comitem.
522 3962 545 4020 a
554 3929 667 4003 Nassau
683 3948 766 4018 peto,
784 3930 837 4015 ‚qui
853 3957 906 4000 nos
921 3955 1026 3998 mensae
1041 3941 1168 3999 assidere
1183 3957 1218 3997 ao
1228 3941 1325 4012 jenta-

157 4053 253 4114 culum
264 4063 364 4132 secum
380 4067 492 4110 sumere
503 4051 599 4125 jussit.
630 4049 657 4107 A
668 4025 814 4122 jentaculo
826 4047 886 4132 ‘ipsi
900 4045 1042 4103 discessus
1056 4044 1113 4101 mei
1126 4045 1268 4102 rationem
1281 4043 1326 4100 in·

157 4141 237 4232 dico,
254 4159 362 4232 gratias
378 4157 420 4216 illi
435 4171 489 4231 pro
505 4156 564 4213 suis
579 4151 724 4215 beneficiis
740 4152 889 4212 etcollata
903 4164 957 4224 pro
971 4163 1017 4206 me
1032 4164 1122 4221 opera
1136 4163 1238 4220 agens,
1259 4144 1326 4222 clis-

156 4280 225 4324 rens
239 4279 304 4336 mee
320 4260 415 4322 officia
428 4265 458 4318 et
473 4245 556 4318 sicci
571 4259 742 4334 valedicens.
773 4256 886 4314 Donavi
907 4272 971 4314 eum
990 4253 1104 4310 interim
1125 4267 1207 4324 equo.
1238 4250 1327 4309 Dedit

156 4375 186 4430 et
201 4369 249 4432 ille
264 4369 334 4435 mihi
350 4347 504 4438 caballum,
528 4380 586 4422 non
601 4363 903 4437 permutationisergo
919 4359 970 4418 sed
990 4357 1026 4418 ob
1045 4338 1162 4427 causas,
1187 4369 1259 4428 quas
1279 4353 1327 4411 hic

156 4473 264 4536 chartis
278 4471 414 4556 mandare
430 4482 673 4545 supervacaneum
689 4473 740 4528 est.
757 4465 939 4541 ‚Perplacnit
953 4463 1024 4523 mihi
1037 4462 1099 4520 hoec
1117 4474 1173 4518 vox
1192 4452 1325 4530 hominis,
