3017 5225
754 447 819 512 leo

198 631 312 692 rocam
332 645 382 688 eos
401 634 431 688 et
447 625 615 707 justificavit
629 634 683 688 etc.
721 628 780 688 Sed
800 629 843 688 ait
855 627 1021 701 Masculus,
1046 631 1095 702 qui
1110 630 1204 688 locum
1218 626 1299 686 hunc'
1308 632 1371 688 τῶν

199 736 297 822 ῥητῶν
312 735 442 807 respicit,
465 732 549 792 facile
568 734 717 806 intelligit,
738 733 786 792 hic
802 733 945 792 Christum
968 732 1003 792 de
1023 733 1160 806 peculiari
1176 733 1326 792 vocatione
1341 736 1372 790 et

199 841 338 898 alectitnm
352 838 548 912 apostolorum
561 839 655 912 loqui,
681 851 753 911 quas
767 837 798 895 in
812 835 868 896 hoe
883 837 971 910 elegit
985 843 1016 901 et
1029 837 1187 911 constituit,
1202 842 1236 895 ut
1249 851 1372 909 evange-

197 945 268 1004 lium
281 945 500 1016 annnnciacent,
516 942 595 1014 quod
609 948 638 1002 et
651 942 797 1001 indicatur
812 941 901 1000 verbo
917 942 998 1000 eatis.
1030 941 1186 1014 Apostolus
1201 942 1279 1000 enim
1291 941 1372 1013 lega-

197 1053 245 1106 tus
259 1050 320 1107 sive
334 1046 585 1128 nuncinsdicitur.
621 1047 661 1105 Ει
674 1047 723 1104 hic
735 1061 836 1104 rursus
852 1043 1061 1104 consideranda
1079 1050 1123 1105 est
1137 1045 1252 1105 bonitas
1267 1046 1371 1103 summi

199 1159 230 1212 et
241 1153 358 1212 maximi
372 1150 442 1224 Dei,
464 1153 513 1223 qui
527 1150 674 1224 apostolos
696 1151 770 1208 nihil
791 1151 850 1208 tale
865 1148 1047 1224 ιιῐιιιιιιιιι,
1071 1149 1143 1207 nihil
1157 1153 1319 1222 quaerentes
1334 1147 1371 1206 de

198 1260 326 1329 gratuita
346 1271 398 1313 sna
418 1254 616 1314 misericordia
633 1254 672 1313 ad
694 1255 749 1314 hoc
769 1253 895 1312 muneris
919 1259 949 1312 et
962 1259 1073 1323 tantan
1088 1252 1257 1326 dignitatem
1272 1253 1369 1326 elegit

198 1359 328 1418 Ulterius
342 1358 593 1443 autemMnsculus
608 1359 753 1418 donuinam
762 1358 814 1422 ,hic
829 1358 909 1430 loqui
924 1357 961 1418 de
975 1358 1116 1418 electione
1131 1373 1239 1430 eorum,
1256 1357 1298 1422 de,
1308 1358 1371 1428 qni·

197 1463 251 1523 bus
260 1463 369 1522 Paulus
383 1461 628 1534 dicit»Qucsdam
642 1468 738 1521 autem
752 1461 908 1535 apostolos,
921 1461 1061 1534 quosdam
1076 1463 1286 1536 evangelistas«
1303 1465 1369 1533 etc,

199 1568 248 1639 qni
262 1571 382 1626 vocante
397 1572 427 1624 et
440 1571 562 1640 urgente
584 1566 639 1624 deo
659 1566 729 1638 ipsis
750 1566 848 1625 invitis
868 1565 1047 1638 evangelium
1070 1567 1247 1626 annunciare
1266 1579 1372 1624 vocan-

199 1675 258 1732 tur.
282 1670 357 1742 Non,
373 1671 474 1743 inquit,
490 1672 540 1743 qui
554 1675 672 1742 accepta
686 1671 809 1744 pecunia
822 1658 976 1728 accurrant
990 1685 1025 1728 ac
1037 1687 1139 1730 manus
1154 1675 1300 1744 unguento
1314 1685 1370 1726 nn·

200 1778 315 1846 guntur,
331 1778 365 1831 ιιι
378 1773 452 1832 bene
466 1775 505 1832 ιιι
519 1775 613 1832 ventri
622 1780 676 1833 ιιι.
693 1773 730 1832 de
745 1774 849 1847 quibus
864 1772 1006 1845 propheta
1019 1774 1075 1832 ait:
1091 1773 1253 1833 Currebsnt
1267 1776 1297 1832 et
1311 1771 1371 1832 nan

201 1876 355 1936 mittebant
369 1893 428 1936 eos.
452 1877 503 1935 Ait
517 1880 586 1937 item
600 1877 676 1938 hanc
689 1877 858 1936 electionem
879 1877 965 1936 etiam
985 1877 1024 1936 ad
1039 1892 1090 1936 nos
1107 1884 1217 1936 ceteros
1232 1877 1372 1952 applicari

200 1996 299 2055 posse,
319 1996 384 2040 cnm
398 1980 469 2040 dens
491 1997 544 2041 nos
565 1988 724 2054 antequam
742 1984 830 2040 etiam
853 1982 1070 2055 expetierimus,
1095 1987 1248 2053 antequam
1264 1981 1371 2040 dehoc

199 2087 426 2160 cogitaverimus,
442 2086 478 2145 de
487 2102 628 2146 merasua
639 2086 769 2145 bonitate
779 2090 809 2145 et
823 2087 911 2144 etiam
924 2089 1096 2160 anteaqamm
1111 2087 1173 2146 nati
1188 2101 1324 2160 essemus,
1339 2086 1371 2144 in

201 2171 314 2250 christo
330 2190 460 2264 elegerit.
482 2190 599 2250 lustum
612 2190 701 2264 igitur
716 2196 745 2249 et
759 2203 874 2262 aequum
887 2205 965 2265 esse,
988 2196 1022 2249 nt
1035 2191 1090 2263 ipsi
1104 2191 1136 2248 in
1149 2193 1227 2248 omni
1240 2190 1305 2249 loco
1320 2188 1371 2249 do-

199 2295 364 2354 minationis
383 2309 444 2351 snre
466 2295 576 2366 arabas
595 2293 633 2352 de
652 2281 741 2372 tantis
761 2293 907 2353 beneficiis
927 2311 1059 2369 ιςιιιιιιι,
1079 2300 1112 2353 ιι
1134 2311 1302 2354 consensum
1316 2310 1370 2353 no·

116 2425 122 2466 .·
198 2402 290 2456 suum
309 2398 342 2460 in
362 2397 543 2457 dilectionem
563 2403 593 2456 et
606 2397 818 2466 observantiam
833 2396 938 2457 Christi
961 2399 1171 2472 preceptorum
1186 2399 1293 2472 demus,
1317 2398 1370 2458 ad·

198 2499 305 2559 ducens
318 2500 374 2558 huc
388 2513 425 2559 en
445 2499 662 2558 deuteronomio
676 2500 780 2587 Mosen
804 2508 1014 2562 contestantem
1029 2505 1178 2578 populum:
1202 2505 1302 2562 Testes
1318 2517 1370 2563 vos

195 2604 254 2677 ipsi
268 2604 355 2665 hodic
370 2606 448 2678 estis,
464 2603 542 2677 quod
557 2604 702 2685 elegeritis
718 2605 865 2666 domnum
880 2614 934 2668 etc.
971 2608 1018 2669 Sic
1032 2615 1064 2668 et
1078 2626 1131 2667 nos
1145 2625 1295 2669 monemur
1309 2624 1370 2666 me·

199 2710 327 2781 minisse,
348 2724 399 2766 nos
414 2724 583 2769 consensum
601 2712 632 2769 in
652 2712 834 2772 dilectionem
849 2713 956 2771 domiui
975 2712 1087 2771 dedisse
1102 2729 1196 2785 neque
1210 2728 1337 2786 unquam
1352 2729 1372 2771 a

198 2814 312 2872 domino
328 2814 382 2874 deo
398 2819 496 2873 nostm
511 2827 564 2873 nos
579 2799 721 2892 repedare
737 2808 843 2876 debere
859 2823 912 2875 etc.
928 2822 962 2875 ut
975 2815 1077 2876 feratis
1091 2815 1216 2875 hactum
1231 2822 1285 2877 ιιι.
1306 2818 1372 2876 Ηοι

199 2926 243 2977 est
256 2934 360 2975 munus
373 2908 561 2989 apostolieum
575 2925 608 2978 ιιι
622 2905 716 2979 verbo
724 2921 861 2995 populum
883 2922 922 2979 ad
937 2920 1083 2981 Christum
1107 2922 1235 2981 alliciant
1249 2927 1279 2979 et
1292 2918 1370 2981 hac-

198 3027 246 3080 tus
260 3038 380 3097 opernm
398 3023 548 3081 charitatis
567 3023 598 3079 in
619 3024 805 3101 observantia
822 3012 1033 3099 preceptorum
1053 3024 1160 3085 Christi
1174 3026 1310 3099 afferant,
1334 3016 1372 3086 ne

198 3125 331 3185 laborent
344 3126 374 3183 ln
388 3142 493 3204 vanum
507 3131 562 3185 etc.
600 3127 656 3185 Hic
677 3129 774 3186 multis
789 3129 924 3201 ostendit,
948 3128 1216 3205 quomodofiructus
1231 3132 1369 3205 apostoli-

199 3246 240 3287 cae
256 3230 394 3291 doctrinae
409 3247 428 3290 a
441 3237 568 3304 tempore
591 3230 805 3304 predicationis
828 3230 936 3292 Christi
955 3250 1045 3307 usque
1064 3237 1096 3293 in
1109 3236 1280 3295 hodiernum
1294 3236 1371 3295 diem

199 3335 253 3411 sub
266 3339 311 3395 tot
324 3336 586 3409 persecutionibus,
609 3336 686 3395 inter
700 3341 745 3395 tot
759 3336 940 3410 tyrannides,
956 3338 1154 3397 tribulationes
1170 3356 1204 3399 ac
1218 3341 1369 3399 haeretieo-

199 3458 263 3498 rum
278 3456 392 3499 errores
407 3442 624 3511 permanserint.
663 3441 738 3499 Nam
753 3442 835 3514 licet,
851 3442 960 3515 inquit,
976 3445 1113 3520 ecclesiae,
1129 3444 1232 3523 quibus
1246 3445 1371 3517 apostoli

199 3544 318 3602 verbum
337 3544 598 3616 annunciaverunt,
622 3543 661 3602 ad
680 3561 751 3617 quos
767 3546 889 3619 Paulas,
910 3545 1029 3622 Petras,
1051 3549 1176 3629 Jacohns
1199 3554 1229 3607 et
1242 3550 1370 3609 Joanncs

200 3652 254 3706 etc.
270 3648 408 3719 epistolas
423 3646 609 3720 scripserunt,
625 3646 675 3705 nbi
691 3653 767 3721 sunt,
779 3650 912 3722 nunquid
927 3666 985 3709 uon
1000 3652 1053 3711 snb
1067 3654 1256 3713 mahometica
1269 3646 1370 3727 regno,

201 3756 231 3809 et
243 3744 340 3809 temen
355 3752 430 3807 inter
444 3754 489 3807 tot
502 3730 599 3816 rerum
613 3751 820 3813 vicissitudines
841 3736 956 3815 huntus
973 3759 1145 3831 apostolicus
1160 3759 1255 3818 adhuc
1269 3774 1369 3831 super·

201 3860 253 3913 est.
277 3854 317 3911 Et
331 3853 453 3925 apcstoh
468 3854 546 3926 quod
564 3855 595 3913 in
615 3858 734 3915 eeclesia
749 3859 840 3917 Israel
862 3877 932 3933 agro
948 3861 1056 3942 domini
1071 3863 1241 3935 patriarche
1257 3868 1287 3921 et
1300 3879 1369 3937 pro·

199 3958 293 4036 phetae
313 3957 490 4016 seminarant
507 3959 538 4015 in
558 3959 646 4018 verbo
667 3962 787 4036 domini,
810 3965 883 4024 'licet
910 3966 1032 4039 populus
1052 3966 1190 4025 Judaicus
1214 3966 1371 4039 prophetas

200 4062 343 4135 persecuti
362 4062 434 4133 sint,
454 4061 612 4150 occiderint
631 4070 661 4123 et
683 4081 781 4124 eornm
803 4070 920 4127 nomina
939 4069 1037 4130 delere
1052 4071 1147 4130 conati
1161 4072 1232 4144 sint,
1249 4086 1371 4149 messem

200 4163 329 4223 iecerunt
351 4168 381 4223 et
401 4165 432 4221 iu
445 4153 580 4224 horreum
594 4168 702 4227 domini
716 4176 910 4245 reportarunt.
950 4151 1092 4234 Tulerunt
1112 4190 1226 4248 quoque
1245 4175 1371 4249 apastoli

78 4303 81 4307 -
201 4270 315 4335 dominc
329 4268 454 4327 fructum
468 4286 504 4328 ex
518 4273 665 4348 gentibus,
687 4274 725 4333 de'
744 4266 847 4348 quibus
863 4293 961 4339 sumus
974 4293 1041 4353 nos,
1064 4279 1173 4353 inquit,
1196 4279 1309 4337 etiamsi
1324 4280 1372 4338 hic

200 4389 252 4446 per
270 4372 449 4445 patriarchas
474 4378 503 4433 et
525 4377 682 4448 prophetas
708 4396 767 4439 non
788 4379 876 4441 fuerit
899 4383 1068 4461 seminatum
1090 4384 1120 4441 iu
1143 4384 1230 4442 verbo
1252 4383 1369 4457 domini,
1391 4394 1394 4397 “

200 4478 322 4552 apostoli
337 4494 451 4552 quoqne
473 4480 610 4540 emendo
631 4483 735 4545 sublati
753 4490 836 4570 sunt,
859 4492 888 4547 et
906 4491 1003 4548 tamen
1026 4487 1111 4549 hodie
1126 4487 1285 4563 apostolica
1300 4487 1368 4547 doc·
