3017 5225
692 439 744 508 93,

124 617 330 680 caduceatores
351 635 418 706 suos
441 620 596 693 electores,
627 621 805 695 cardinales,
835 622 1078 697 archiepiscopos,
1102 623 1246 700 principes
1269 630 1298 685 et

122 716 261 797 quicquid
274 731 400 798 statuum
414 725 529 799 imperii
543 724 682 799 Augustae
702 725 814 801 aderat,
837 726 867 784 in
886 726 994 800 palatiu
1014 727 1103 800 ipsius
1124 729 1226 788 adesse
1246 728 1295 788 de·

121 829 315 890 bere‘edixit.
354 827 482 891 Adiuere
505 830 606 890 eodem
630 835 761 903 tempore
785 837 815 891 ιι
838 831 940 890 milites
969 834 1071 892 armati
1095 835 1297 913 prestatione

121 940 243 994 slantes.
265 935 334 993 Fuit
349 941 446 994 autem
460 934 537 994 fama
552 936 718 997 interimens
733 937 806 1008 illud
820 938 935 996 interim
950 937 1102 1011 publicitus
1117 937 1223 998 ibidem
1238 938 1296 1012 legi

26 1054 31 1068 ·
120 1018 238 1100 debere.
271 1038 333 1099 Sed
342 1039 504 1122 videamus,
527 1044 646 1114 postera
660 1040 730 1112 quid
745 1045 842 1117 portet
829 1043 914 1100 ι.ιιιι

211 1145 341 1204 Eubulus
347 1144 435 1229 apud
450 1144 594 1204 dominans
608 1150 737 1205 nostram
758 1148 915 1220 principem
934 1147 1067 1220 coenavit,
1092 1145 1155 1206 ubi.
1160 1145 1297 1220 principis

119 1250 279 1311 consiliarii
308 1240 465 1324 Georgius
478 1266 497 1308 a
523 1247 730 1325 Boumelburq,
760 1251 789 1308 ll.
797 1251 933 1328 doctor,
965 1250 1105 1312 Melchior
1132 1268 1151 1310 a
1177 1251 1296 1308 Horstal

119 1353 276 1428 proelectus
292 1353 425 1437 Calcidis,
446 1352 587 1429 Georgius
602 1370 619 1413 a
634 1355 785 1429 Molsburg
797 1321 976 1430 satrapeam
990 1356 1125 1428 Lyoiluco
1140 1371 1192 1414 seu
1205 1355 1295 1422 mavis
1333 1367 1335 1374 ·

119 1457 294 1535 anffnagen
312 1459 427 1533 Hassiae
449 1473 564 1530 quoque
584 1458 716 1520 aderant.
752 1459 783 1518 ιι
802 1476 885 1519 coena
906 1459 1021 1540 domina
1043 1457 1187 1518 Christiue
1205 1459 1236 1516 in
1250 1457 1293 1516 ιιι-

117 1563 226 1623 miliari
248 1561 537 1636 colloquio‘lolrado
556 1563 664 1638 retulit,
689 1563 832 1626 dominam
851 1563 1038 1624 Cathariaam
1059 1581 1171 1624 socrum
1190 1563 1296 1624 Eubuli

118 1674 151 1726 ιι
163 1670 258 1742 ipsam
272 1655 446 1726 Christinam
461 1668 601 1740 sanguine
613 1668 728 1740 junctas
749 1685 825 1742 esse,
846 1671 952 1730 excidit
972 1673 1067 1728 autem
1089 1667 1173 1729 modo
1193 1685 1251 1746 quq
1266 1668 1295 1726 in

59 1771 63 1778 '
117 1772 222 1846 gradu.
261 1771 378 1851 Certum
405 1777 451 1832 est
475 1777 571 1832 autem
594 1789 630 1832 ιι
650 1758 917 1848 brandenburgensi
939 1774 1023 1844 dumo
1050 1774 1126 1834 hanc
1148 1774 1295 1848 sanguinis

118 1894 221 1938 earum
233 1879 411 1951 junctionem
426 1893 497 1938 esse.
1209 1933 1211 1947 ,

209 1984 330 2044 Eadem·
342 1983 499 2057 plagiarius
521 1967 793 2056 quidan'rdvertus
813 1991 869 2058 est,
894 1986 942 2057 qui
961 1986 1101 2059 quosdam
1120 1992 1294 2046 mercatores

116 2091 150 2148 in
165 2089 275 2148 ditione
294 2087 467 2147 marchionis
488 2087 603 2146 Alberti
622 2089 771 2163 spoliarat,
795 2090 862 2149 lieet
881 2091 981 2170 Norici
1001 2093 1077 2150 cives
1097 2091 1127 2146 in
1142 2107 1193 2148 suo
1208 2069 1292 2149 terriss

116 2194 196 2254 torio
209 2194 243 2254 id
256 2192 363 2259 factum
375 2191 507 2279 dicerent
520 2207 554 2252 ac
566 2193 731 2267 praedonem
746 2193 1036 2268 comprehendissent.
1067 2193 1183 2252 Mature
1199 2200 1293 2252 autern

118 2298 219 2360 Cursor
231 2296 424 2384 interveniens
437 2299 579 2357 bominem
595 2298 651 2356 buc
663 2298 823 2371 Augustam
838 2300 876 2360 ad
890 2298 1071 2373 plectendum
1085 2297 1187 2356 advehi
1199 2297 1293 2370 jussit.

209 2403 331 2478 Domine
352 2404 437 2481 Jesu,
462 2402 531 2461 dnm
549 2400 735 2462 fabricatores
758 2405 838 2478 impii
860 2401 1001 2464 fabricant
1023 2405 1152 2476 interim,
1176 2409 1207 2462 tu
1229 2403 1293 2460 veni

116 2510 232 2568 interea
246 2513 276 2567 ιι
291 2490 345 2568 nos
358 2525 444 2568 serva
458 2507 495 2567 ab
507 2508 644 2573 ‚intricate
659 2509 774 2566 interim
789 2525 899 2582 nosque
914 2510 1001 2570 verbo
1017 2516 1066 2570 tuo
1081 2524 1175 2582 pasce.
1253 2544 1259 2548 -

193 2601 399 2690 Catechismi
400 2615 594 2701 frequentatio
615 2614 663 2671 btc
684 2630 737 2687 per
758 2632 869 2675 meuses
891 2616 1001 2688 aliquot
988 2617 1056 2676 tob
1081 2614 1293 2687 improbitatem

116 2720 197 2795 vulgi
211 2708 360 2780 Iberorum
375 2720 538 2802 intermissa
552 2724 605 2777 est

206 2825 319 2884 Eadem
340 2843 359 2883 a
380 2798 525 2905 nonnullis
537 2823 629 2883 nobis
651 2823 758 2910 dictum
780 2824 1067 2899 camedonensem
1090 2839 1121 2881 se
1145 2774 1291 2896 obtulisse,

117 2932 144 2988 si
157 2931 276 2997 comites
291 2918 494 3015 Wcldeciaui
486 2946 578 3002 rpsum
593 2924 682 2989 aifatu
700 2928 889 3001 dignarentur
895 2929 1005 3004 ,apud
1020 2916 1163 2987 Gaesarem
1183 2946 1236 3002 pro
1257 2929 1292 2988 iis
1313 2998 1316 3003 Ι

118 3034 298 3097 intercedere
313 3052 345 3095 se
359 3035 442 3099 velle

208 3136 379 3230 Chunradus
401 3158 419 3198 a
440 3140 634 3213 Beumelburp
656 3155 742 3213 eques
764 3157 813 3199 sex
833 3140 922 3199 millia
943 3138 1071 3213 peditum
1093 3132 1132 3197 ad
1156 3138 1293 3197 merenda

118 3245 292 3321 stipendia
279 3262 364 3336 Jussu
384 3245 505 3305 Caesaris
526 3246 672 3305 conduxit.
702 3245 965 3319 Argentorateusis
976 3258 1046 3315 ager
1066 3240 1152 3315 pedet
1153 3247 1202 3300 ιιιι
1139 3243 1241 3300 ttim
1256 3243 1304 3301 ab.

118 3352 210 3413 Iberis
224 3352 285 3427 peti
302 3351 469 3410 dicitnr
683 3401 687 3406 .
1277 3388 1281 3397 ,

206 3457 255 3530 xvj
270 3456 362 3528 Maji
365 3461 433 3542 ante
452 3383 582 3531 quamn
602 3459 743 3514 mercator
764 3392 879 3529 quidam
899 3451 984 3525 venit,
963 3396 1111 3535 tvolens.
1126 3396 1291 3522 gradarium

117 3578 213 3631 meum
226 3574 335 3634 emere,
358 3577 459 3619 verum
473 3559 545 3617 nihil
559 3560 636 3617 inter
650 3576 702 3618 uos
716 3562 887 3617 conventum
903 3562 954 3615 cst

150 3666 292 3739 ..Quod
306 3667 419 3725 interim
433 3663 475 3739 fit,
498 3663 560 3723 iere
578 3669 686 3737 praeter
700 3661 831 3721 ordmem
849 3660 891 3720 fi
870 3662 1021 3734 tlgitur
1034 3664 1063 3718 et
1083 3660 1145 3719 heri
1164 3658 1236 3717 nihil
1255 3628 1291 3720 de

117 3721 236 3836 interim
251 3771 302 3831 illo
323 3769 430 3845 factum
452 3775 506 3829 ιιι
542 3768 614 3826 Hoec
633 3769 730 3831 autem
748 3768 909 3841 accepimus
931 3783 949 3825 a
971 3763 1075 3825 Carolu
1098 3782 1116 3825 a
1138 3762 1290 3834 Stockeim
1299 3774 1316 3819 .’

116 3877 180 3936 heri
198 3876 279 3951 apud
300 3877 439 3937 electores
461 3879 490 3933 et
508 3877 600 3936 status
619 3872 733 3949 imperii
753 3871 896 3931 Caesarem
916 3870 1116 3944 inpraesentia
1133 3866 1292 3937 fratrissui

115 3962 304 4054 Ferdinandi,
327 3981 529 4052 Romanorum,
552 3968 716 4051 Hungariae'
729 3976 918 4049 etBohemiae
932 3973 1019 4049 regis,
1042 3990 1094 4048 per
1110 3972 1299 4053 archiducem.
1321 4032 1324 4041 ,

116 4069 346 4152 Maximiliannm
368 4084 547 4159 exposuisse,
577 4082 718 4166 quomodo
740 4086 772 4162 ct
794 4096 866 4153 quas
888 4080 925 4153 ob
941 4095 1049 4169 causas
1073 4083 1102 4137 et
1123 4076 1201 4167 quod
1222 4092 1289 4140 con·

115 4192 223 4252 cordiae
238 4191 334 4265 gratia
349 4196 378 4269 et
392 4195 514 4265 paterno
528 4189 559 4246 iu
574 4188 697 4268 patriam
711 4184 895 4245 Germaniam
909 4182 1012 4243 affectu
1024 4182 1139 4241 interim
1152 4180 1207 4253 hoc
1221 4195 1289 4240 ceu-

115 4297 204 4357 scribi
218 4294 348 4369 jusserit,
371 4295 492 4368 maxime
512 4308 582 4353 vero
597 4308 661 4351 cnm
674 4290 706 4351 id
719 4291 760 4349 sic
775 4287 838 4357 fieri
856 4289 984 4349 unanimi
1004 4302 1144 4349 consensu
1165 4286 1202 4345 ab
1217 4272 1290 4357 el'ec·

114 4402 236 4476 toribus,
260 4386 436 4475 principibus
450 4402 482 4456 et
495 4397 616 4473 statibus
629 4396 742 4471 imperii
756 4396 875 4469 petitum
897 4395 943 4452 sit.
974 4394 1099 4465 Exigere
1118 4390 1206 4463 igitur
1227 4388 1288 4445 (ιιι-

115 4522 230 4567 saraam
249 4508 430 4590 majestatem
448 4503 485 4563 ab
500 4502 671 4565 electoribus
690 4499 938 4575 ecclesiasticisct
957 4496 1132 4565 secularibus
1152 4490 1288 4568 principi-
