3017 5225
713 436 797 502 ito·

159 617 289 680 andaset
302 618 340 679 ab
353 618 469 692 augeio:
493 613 596 674 Gratia
611 617 729 690 spiritus
748 633 771 674 s.
793 615 974 676 obumbrabit
993 622 1031 691 te,
1056 622 1085 676 et
1105 619 1181 692 quod
1200 615 1334 680 nascetur

160 741 197 784 ιιι
211 731 241 783 ιι
256 729 385 784 sanctum
406 721 481 780 tilius
501 721 557 778 Dei
570 720 727 780 uocabitur
747 728 801 780 etc.
840 721 906 780 Non
927 736 991 778 mox
1013 723 1076 795 ipsa
1096 724 1247 797 superbior
1269 725 1333 785 red·

160 826 222 888 dita
244 832 297 901 est,
319 826 371 884 sed
390 842 423 884 sa
441 826 611 885 submittens
632 826 693 885 aitz.
709 825 785 882 Ecce
807 826 911 884 ancilla
930 826 1038 898 domini
1056 831 1128 902 etc,
1152 844 1215 886 curn
1237 832 1334 886 tamen

161 931 233 989 nibil
246 930 422 997 dubitaverit
435 947 467 988 se
481 920 605 989 futuram
619 935 740 995 matrem
754 928 832 986 iesu*
846 929 960 988 Christi.
999 931 1080 987 Item·
1091 916 1250 1005 exemplum
1265 931 1334 990 Abi-

159 1035 228 1110 guil,
251 1051 282 1092 se
297 1051 355 1092 uon
369 1027 531 1093 extollentis
546 1049 609 1090 cum
624 1037 738 1091 mortuo
758 1049 810 1091 suo
829 1034 932 1092 marito
947 1033 1041 1092 Nabal
1061 1035 1205 1094 aDavide
1220 1037 1250 1092 in
1260 1015 1333 1093 'cou-

158 1142 267 1197 sortem
285 1139 368 1212 regui
387 1143 597 1210 accerseretur,
621 1135 843 1194 sed'humiliata
862 1138 915 1196 ait:
943 1138 1018 1196 Ecce
1039 1138 1076 1197 sit
1097 1139 1199 1195 ancilla
1220 1144 1272 1197 tua
1289 1139 1333 1198 ia·

160 1243 238 1301 mula
252 1248 284 1300 ut
297 1242 375 1316 iavet
389 1241 477 1314 pedes
491 1257 638 1320 serrorum
655 1241 761 1298 domini
775 1241 830 1299 mei
845 1246 898 1298 etc.
920 1246 933 1298 1
953 1242 1091 1300 Samuelis
1108 1243 1159 1298 25.
1221 1265 1241 1297 ,·

192 1370 197 1378 ⁴
250 1345 399 1404 Liberium
413 1352 482 1405 ente
495 1346 644 1406 meridiem
659 1361 717 1429 nou
732 1343 863 1410 uidimus.
888 1343 1013 1416 Quaestio
1030 1345 1066 1404 de
1081 1346 1246 1417 aequalitate
1260 1362 1334 1404 com-

163 1452 333 1526 putationis.
420 1497 424 1501 .
680 1462 684 1468 ·
854 1515 857 1522 f
1093 1529 1095 1532 .

249 1555 359 1614 Eadem
373 1555 447 1612 hora
460 1556 546 1628 tertia
561 1553 759 1628 pomeridiana
774 1552 904 1611 dominus
918 1534 1047 1612 ioannes
1063 1553 1204 1610 Henricus
1218 1553 1249 1610 in
1258 1559 1334 1612 'tenr-

161 1659 211 1731 plo
224 1659 355 1716 Mauritii
374 1672 411 1716 ex
431 1673 494 1732 cap.
520 1663 560 1716 14
579 1659 706 1731 epistolae
725 1659 765 1716 ad
779 1659 923 1726 Romanos
944 1657 981 1715 de
997 1657 1110 1716 delectu
1125 1658 1251 1716 ciborum
1266 1676 1334 1716 cou-

164 1763 295 1821 eiouatus
309 1768 363 1834 est,
388 1763 542 1822 ostendens
557 1763 705 1822 ecclesiam
719 1762 878 1818 Romanam
898 1776 934 1818 ex
952 1759 1060 1818 Judaeis
1081 1767 1110 1819 ιι
1131 1761 1263 1834 gentibus
1279 1762 1336 1832 col·

161 1866 265 1934 lectam
283 1866 314 1922 iu
329 1867 452 1924 articulo
466 1867 503 1924 de
513 1865 719 1938 Justificatione
734 1865 902 1942 concordem
918 1861 1014 1935 fuisse,
1038 1865 1078 1923 ita
1094 1871 1126 1922 ιιι
1138 1880 1225 1922 unam
1240 1863 1334 1938 iidem,

161 1986 251 2028 uuum
265 1971 407 2044 baptisma
427 1977 458 2030 et
478 1988 565 2028 unum
586 1971 681 2028 Deum
698 1976 811 2046 patrem
832 1968 937 2026 domini
957 1969 1049 2025 nostri
1069 1967 1140 2025 Jesu
1163 1963 1334 2028 Christi'ha-

161 2073 273 2148 berem,
295 2075 325 2132 iu
335 2074 502 2148 adiaphoris
516 2080 612 2134 autern
626 2073 702 2136 iuter
716 2075 794 2148 ipsas
810 2076 937 2131 coortam
952 2073 1164 2130 contentionem
1180 2077 1233 2129 etc.
1250 2089 1336 2144 quam
1354 2057 1358 2062 ⁵

163 2177 315 2237 coranus
329 2179 371 2237 ita
385 2181 552 2252 composuit,
576 2185 609 2236 ιιι
628 2163 874 2258 ειιριιιᾱιιιιιιοόι·
894 2191 952 2232 non
973 2175 1194 2234 concertandum
1209 2175 1334 2234 doceret.

161 2281 267 2342 Docuit
288 2283 386 2355 itaque
408 2288 494 2356 quam
516 2283 671 2341 noxiores
694 2282 731 2339 sit
753 2279 789 2338 de
812 2281 847 2338 iis
868 2279 954 2339 rebus
976 2278 1146 2352 disceptare,
1171 2295 1235 2352 quse
1250 2279 1336 2338 iidem

160 2387 207 2444 vel
221 2402 323 2459 parum
338 2387 383 2444 vel
398 2387 469 2444 nibil
482 2389 665 2458 conseruent.
696 2385 768 2442 Cum
785 2385 908 2456 domino,
926 2370 1006 2456 c'ujus
1022 2400 1121 2446 omnes
1137 2384 1212 2441 servi
1227 2401 1334 2457 sumus,

161 2495 192 2547 et
212 2496 280 2548 ante
301 2491 381 2563 cnjus
403 2490 530 2548 tribunal
549 2505 646 2547 omues
670 2475 844 2560 statuemur,
869 2473 931 2546 haec
953 2487 1136 2560 dijudicanda
1158 2493 1245 2546 sunt
1273 2489 1336 2546 Nec

160 2592 288 2669 obticuit,
312 2593 455 2667 quomodo
474 2594 508 2667 ii,
533 2593 582 2666 qui
601 2593 762 2663 libertatem
783 2593 924 2665 evangelii
944 2590 998 2649 hoc
1018 2608 1080 2653 aevo
1101 2610 1158 2652 non
1177 2609 1357 2673 aspernans

160 2703 218 2772 tur,
240 2699 279 2758 ab
298 2699 471 2770 aduersariis
493 2704 522 2756 et
541 2704 761 2758 contemnantur
782 2690 1000 2755 attractentur.
1036 2698 1110 2755 item
1129 2697 1260 2771 quodni,
1285 2699 1336 2771 qui
1373 2682 1381 2693 ⁷

160 2804 310 2880 euangelio
324 2820 378 2863 sua
391 2804 506 2861 nomina
520 2804 638 2872 dedisse,
651 2802 742 2863 uideri
764 2802 871 2875 volunt,
896 2807 979 2860 nocte
999 2799 1105 2873 diuque
1114 2803 1337 2874 comessationi-

159 2906 214 2965 bus
236 2907 361 2979 iuhiant,
385 2908 465 2964 nihil*
477 2906 616 2980 donorum
636 2908 691 2965 Dei
709 2921 773 2963 cum
794 2906 950 2979 gratimum
970 2906 1082 2964 actione
1105 2910 1258 2979 sumentes,
1282 2906 1334 2964 ad-

98 3072 102 3075 ,
159 3010 268 3069 ducens
283 3010 441 3082 exemplum
463 2989 561 3068 divitis¹
578 3010 745 3083 evangelici,
769 3011 817 3082 qui
839 3010 965 3081 quotidie
986 3008 1133 3083 splendide
1156 3010 1335 3082 epmobatm·.

160 3111 232 3172 item
250 3114 355 3188 jubens
366 3130 451 3172 orare
465 3114 568 3189 Deum,
591 3118 624 3173 ut
643 3114 720 3173 dona
735 3130 788 3171 sua
803 3128 866 3171 cum
885 3114 1176 3198 gratiarumractioue
1190 3116 1336 3187 suscipere

161 3223 191 3277 et
209 3216 249 3296 'iis
268 3216 326 3277 frui
344 3219 383 3300 ad
403 3223 531 3277 nostram
550 3219 749 3277 necessitatem
769 3223 799 3276 et
817 3218 939 3276 nominis
960 3219 1021 3289 ojus
1036 3220 1157 3295 gloriam
1176 3218 1275 3292 largiri
1292 3218 1335 3277 di·

161 3327 280 3397 gnetur,
302 3323 388 3397 idque
403 3340 455 3397 per
471 3322 615 3400 Christum
630 3324 774 3410 domiuum
790 3328 927 3400 nostrum.
958 3321 1059 3379 Arnen.

192 3419 195 3423 ⁵
249 3430 383 3488 Liborius
398 3444 462 3486 cum
477 3428 650 3486 Hoxerianis
665 3440 788 3512 pransus
802 3432 872 3485 est,¹
974 3504 977 3511 A
1043 3506 1047 3512 1

250 3511 350 3602 Comes
365 3531 534 3606 Wilhelmus
549 3548 649 3587 rursus
664 3508 835 3605 Velbergam
850 3530 971 3613 abierat.
1095 3540 1100 3599 ζ

250 3636 314 3694 Hoc
328 3635 375 3693 die
390 3636 420 3690 iu
439 3644 526 3710 causa
539 3638 645 3692 'nostra
665 3634 848 3696 desidendum
868 3641 940 3694 erat.
977 3634 1099 3716 Reddidi
1120 3624 1238 3695 Liborio
1253 3641 1336 3695 uotu-

160 3737 454 3811 lamxcapitulationis,
477 3743 510 3795 ut
524 3753 588 3795 cum
603 3754 638 3796 ea
653 3738 770 3795 Seldum
783 3746 937 3812 repeteret.
982 3800 988 3807 ,

249 3839 359 3898 Eadem
375 3846 505 3930 coeuatus
519 3845 563 3899 est
578 3830 724 3900 nobiscum
738 3844 987 3904 HenricusMbiss
1008 3849 1039 3903 et
1057 3843 1222 3904 Joachimus
1242 3844 1333 3903 Hack.

160 3945 241 4003 Inter
255 3945 425 4027 coenaudum
436 3931 581 4028 ‘ilenricus
597 3946 633 4005 ab
648 3945 781 4005 Etodorff
798 3964 817 4005 a
836 3963 920 4005 socru
940 3954 969 4007 et
988 3964 1094 4007 sorore.
1107 3928 1335 4007 missus'litteras

162 4064 276 4123 quoque
290 4049 328 4107 ab
343 4050 449 4126 eisdem
466 4049 607 4118 deferens.
625 4058 627 4061 ’
645 4050 835 4133 Etzdorffium
850 4040 977 4127 ioannes
995 4052 1087 4111 irater
1107 4046 1204 4112 noster
1219 4054 1249 4110 iu
1264 4054 1335 4111 For·
1362 4080 1367 4086 ·

161 4152 271 4213 chemio
286 4154 445 4227 invenerat,
469 4156 518 4229 qui
533 4159 563 4211 et
576 4171 630 4228 per
645 4148 719 4222 iiunc
734 4154 818 4221 uobis
833 4158 990 4229 rescripsit.
1077 4172 1078 4179 ¹

237 4257 400 4317 Comedus
414 4276 433 4317 a
447 4258 606 4318 Schonstad
617 4259 702 4331 juxta
715 4238 885 4333 Hariingam
897 4262 1026 4337 *Henrico
1043 4258 1218 4322 obviaverat.
1234 4264 1236 4269 “
1260 4336 1263 4341 1
1338 4318 1340 4321 .

249 4362 278 4435 xj
294 4362 373 4420 Junii
388 4362 416 4421 d.
432 4362 558 4421 ioannes
573 4363 715 4421 Heuricus
731 4353 904 4440 excepit
919 4366 957 4425 ad
971 4367 1122 4425 Romanos
1137 4366 1211 4423 hunc
1226 4370 1336 4437 textum

160 4462 245 4541 legit:
273 4447 395 4542 «Nuiias
415 4468 490 4527 enim
511 4473 640 4528 uosbum
662 4466 716 4527 sibi
737 4469 794 4541 ipsi
808 4470 884 4529 ‚vivit
902 4475 932 4529 ct
951 4470 1118 4535 nulius‘sibi
1131 4471 1189 4544 ipsi
1203 4469 1334 4527 moritur.
