3017 5225
689 393 750 460 tel

132 591 196 648 qua
210 575 369 648 docuerint,
393 592 428 635 eo
442 577 538 636 animo
553 582 583 636 et
597 576 695 636 diosna
714 582 745 635 et
763 575 912 651 edoceant,
936 579 969 636 ut
987 579 1081 650 potius
1102 579 1189 637 animi
1208 579 1305 649 subdi·

130 679 228 739 torum
242 682 288 740 rel
303 681 507 755 discipulorum
522 682 695 754 alliciantur,
713 698 798 754 quam
812 682 858 740 vel
875 689 1022 757 cogantur,
1039 685 1086 742 vel
1100 684 1128 744 vi
1143 669 1305 757 adigantur.

131 784 263 844 Christus
278 788 354 845 enim
373 785 451 844 nihil·
463 787 524 844 suis
544 767 724 845 sermdnibus
742 763 987 860 quadritpnuod
1005 788 1061 861 ipsi
1080 790 1110 846 in
1129 790 1240 847 lucrum
1260 805 1306 848 ce·

131 888 215 948 deret
229 896 352 963 aut-per
371 889 449 962 quod
470 877 699 949 sua-ambitioni
722 889 877 967 mundaret
897 898 951 950 etc.
991 891 1038 950 Sic
1059 893 1221 966 superiores
1241 911 1307 965 pro

129 1001 247 1068 curent,
270 1000 312 1068 ut,
335 1010 399 1076 quae
422 996 529 1068 populo
551 991 701 1068 dicuutur,
724 993 848 1052 adhaec
870 994 1012 1060 destinata
1034 997 1105 1068 sint,
1129 1001 1162 1056 ut
1183 998 1306 1072 populus
1329 978 1332 982 ’

14 1133 20 1142 ‚
128 1099 193 1172 ipse
206 1101 379 1184 cognom
394 1103 490 1171 queat,
514 1099 577 1157 hoee
598 1101 694 1159 animo
709 1115 779 1173 erga
799 1099 863 1159 illos
883 1100 1007 1173 benigno
1028 1105 1057 1164 et
1076 1117 1135 1160 non
1154 1103 1207 1160 sua
1227 1118 1305 1175 quss-

127 1204 221 1262 rentis
241 1184 368 1262 diruet
388 1204 487 1278 populi
508 1200 666 1276 protectum
689 1205 781 1276 queri
800 1211 854 1265 etc.
892 1186 968 1264 Nam
987 1206 1082 1265 nobile
1102 1204 1246 1279 quoddam
1261 1213 1306 1266 est

129 1306 167 1367 de
181 1309 305 1381 homine,
321 1308 430 1367 mavult
443 1308 584 1367 humanus
598 1311 710 1368 animus
729 1309 1002 1382 persuasione'recti
1018 1310 1113 1383 potius
1135 1310 1200 1378 duci
1220 1327 1318 1384 quam

127 1410 215 1470 trahi.
244 1411 307 1470 Nec
322 1398 398 1470 enim
411 1413 523 1500 unimus
538 1429 609 1487 erga
622 1400 654 1473 se
674 1417 833 1488 praesentes
853 1413 1033 1481 subditorum
1052 1431 1170 1474 suorum
1189 1417 1305 1496 tyranni

126 1516 236 1576 habere
258 1522 392 1594 possunt,
416 1518 548 1589 quisine
571 1518 649 1576 omni
670 1519 848 1576 humanitate
872 1518 1020 1592 quiequid,
1044 1519 1121 1592 quod
1144 1521 1213 1593 ipsis
1232 1520 1304 1578 solis

126 1621 208 1678 lucro
231 1620 361 1708 ceditsc
379 1626 480 1680 contra
501 1637 613 1694 aequum
635 1629 666 1681 et
686 1623 860 1696 probitatem
879 1611 966 1697 facit,
980 1625 1086 1696 populo
1106 1625 1257 1696 imponunt
1276 1629 1306 1682 et

126 1725 156 1783 vi
170 1725 271 1798 solum,
295 1726 378 1784 minis
397 1731 428 1784 et
445 1726 540 1798 gladio
559 1728 638 1785 illum
657 1727 696 1785 ad
708 1729 787 1786 ‘talia
806 1734 919 1802 cogunt.
957 1728 1032 1788 Nam
1050 1735 1083 1788 ιιι
1103 1730 1233 1797 sursulus
1253 1745 1304 1788 seu

126 1829 283 1903 virgultum
297 1830 344 1889 ein
358 1830 570 1905 Wieddelrlaug
589 1833 645 1890 etsi
663 1833 765 1905 vique
784 1838 817 1891 tu
831 1834 910 1907 voles
930 1839 1057 1893 retortus
1076 1840 1139 1893 ate
1160 1832 1255 1904 luerit,
1279 1833 1303 1888 si

126 1933 183 1993 eibi
197 1913 389 2014 permittatur,
412 1953 514 1995 rursus
528 1937 559 1994 in
572 1939 683 1994 rectum
698 1937 767 2010 abit,
791 1938 832 1994 sic
847 1939 983 2010 quicquid
1002 1939 1227 2012 repugnantibus
1243 1939 1304 1996 ani-

126 2039 180 2098 mis
194 2038 238 2113 fit,
259 2040 375 2099 tandem
394 2041 425 2098 in
442 2041 519 2100 idem
537 2041 700 2100 revertitur.
731 2041 860 2114 Repetiit
879 2049 993 2114 quoque
1015 2059 1079 2114 quae
1099 2059 1156 2100 xxx
1176 2043 1249 2114 Maii
1267 2041 1302 2098 de

127 2143 462 2219 dilectionemonuerat,
486 2146 606 2219 scilieet,
630 2146 707 2218 quod
727 2147 923 2218 pusillanimes
945 2146 1040 2204 dicere
1063 2150 1195 2218 possent:
1217 2145 1301 2202 Chri-

128 2255 191 2308 stus
205 2252 236 2308 ιιι
256 2251 387 2310 omnibus
405 2248 462 2310 init
479 2229 637 2327 perfectus,
661 2240 753 2310 facilis
774 2248 829 2308 fuit
848 2251 914 2308 huic
935 2249 1063 2319 dilectio;
1087 2254 1119 2307 at
1137 2249 1206 2306 mihi
1221 2250 1302 2306 -omni

130 2370 166 2413 ex
180 2362 263 2428 parte
277 2357 352 2422 malo
373 2360 403 2414 et
422 2356 566 2427 peccatori
585 2336 727 2428 quomodo
747 2357 804 2414 erit
823 2352 952 2438 perlecta
963 2352 1106 2413 dilectio?
1135 2352 1236 2428 Αιιιιιι,
1260 2355 1304 2412 in-

130 2458 212 2532 quit?
241 2460 303 2520 Nos
318 2459 416 2524 miseri
430 2459 461 2516 in
474 2459 529 2520 hoc
543 2459 639 2518 seculo
654 2459 726 2518 nibil
741 2459 778 2518 ad
792 2445 951 2531 perlectum
966 2459 1124 2532 perducere
1140 2465 1169 2518 et
1184 2443 1302 2531 prorsus

130 2565 214 2640 nihil,
239 2571 345 2640 preter
359 2549 433 2623 velle
453 2579 558 2637 cupere
578 2570 606 2624 et
627 2569 741 2637 optasse
758 2563 863 2624 Christi
882 2570 1028 2639 praecepta
1047 2564 1178 2639 implere,
1203 2544 1301 2635 consess

129 2671 179 2743 qui
192 2686 352 2745 possumus.
383 2670 448 2729 Huc
461 2670 551 2741 igitur
570 2670 695 2728 animum
709 2669 860 2752 advertite,
884 2675 916 2729 ut
935 2686 971 2728 ex
989 2670 1074 2729 corde
1094 2671 1169 2729 bono
1190 2674 1219 2729 e't
1234 2687 1301 2729 con·

122 2777 250 2834 scienda
270 2753 378 2848 munda
400 2776 552 2848 cupisset
573 2779 656 2847 optes
677 2778 822 2846 praecepta
842 2773 948 2833 Christi
969 2775 1115 2847 implere,
1131 2775 1217 2833 deum
1238 2774 1300 2832 dili-

128 2897 198 2954 gere
220 2885 250 2939 et
269 2881 439 2955 proximum,
462 2885 493 2938 et
513 2872 643 2953 quisque
661 2895 714 2950 pro
733 2893 789 2937 suo¹
808 2877 892 2953 dono,
917 2884 1054 2951 quantum
1075 2878 1154 2937 Deus
1172 2878 1216 2937 illi
1236 2894 1302 2937 con·

129 2984 260 3058 cesserit,
273 2985 346 3043 ‘haee
366 2986 485 3057 implere
505 2983 632 3055 studeat3
657 2985 682 3041 si
702 2983 760 3057 qua
779 2982 901 3055 labaris,
926 3001 962 3041 ne
984 2999 1097 3043 cursum
1119 2985 1300 3041 intermittas.

127 3089 242 3147 Deinde
256 3090 354 3149 decuit
367 3090 510 3162 quomodo
524 3088 659 3161 gaudium
675 3087 782 3147 Christi
797 3088 827 3147 in
843 3089 925 3148 nobis
939 3094 1109 3161 permaneat
1123 3094 1152 3146 et
1166 3088 1301 3159 gaudium

128 3200 258 3253 nostrum
277 3193 307 3252 in
328 3210 364 3252 eo
385 3178 569 3266 compleatur.
599 3194 704 3255 ‚Voluit
726 3194 821 3251 autem
842 3198 875 3249 ut
891 3204 1012 3265 ¹operam
1035 3191 1138 3269 durent
1160 3191 1301 3264 discipuli,

128 3315 186 3371 quo
207 3276 357 3383 acceptum
378 3315 432 3371 per
455 3314 520 3357 eum
543 3299 694 3371 gaudium,
718 3298 827 3355 scilieet
848 3298 938 3371 patris
961 3294 1168 3363 misericordia,
1192 3292 1248 3351 fide
1272 3298 1301 3368 et

129 3404 311 3463 cometentiae
331 3405 457 3476 puritate
479 3406 696 3463 conservarent..
729 3400 904 3483 SicuPaulus
923 3400 1007 3473 jubet
1027 3398 1225 3472 Philippenses
1244 3398 1299 3454 ¹im-

128 3492 209 3581 plere
223 3525 306 3568 suum
320 3508 464 3581 gaudium.
496 3508 551 3582 Sic,
575 3487 616 3567 ¹ait
631 3481 788 3580 Musonius,
812 3511 841 3565 et
855 3520 915 3577 nos,
940 3506 989 3577 qui
1003 3504 1141 3563 haetenus
1160 3494 1240 3559 vobis
1255 3502 1301 3559 his

128 3614 267 3688 Augusta
281 3614 312 3672 in
327 3613 415 3673 verbo
430 3612 537 3672 domini
552 3610 728 3686 profuimus,
745 3611 841 3675 dicere
856 3626 1013 3684 possemus.
1045 3610 1130 3669 Scitis
1146 3607 1220 3687 enim
1236 3622 1299 3665 cum

129 3719 252 3791 primum
273 3701 440 3791 evangelica
462 3718 569 3776 veritas
591 3716 668 3788 apud
690 3734 742 3775 sos
765 3717 925 3775 elucescere
954 3715 1054 3789 coepit,
1083 3730 1168 3785 quam
1181 3713 1301 3771 'macres

129 3822 217 3885 verbo
231 3823 375 3900 audiendo
389 3820 511 3895 multu,
534 3820 680 3881 robheum
698 3823 730 3879 in
748 3822 862 3894 templa
875 3820 1043 3893 psalteriola
1062 3824 1113 3877 aut
1129 3818 1233 3877 librum
1248 3816 1301 3873 ali·

129 3944 212 4002 quem
234 3944 381 3987 sacrarum
396 3928 560 3987 canhonnm
580 3926 742 3985 deferentes
758 3927 824 3983 novi
843 3925 1008 3983 testamenti
1027 3922 1154 3981 codicem
1169 3923 1200 3979 in
1211 3907 1301 3979 eccle·

128 4034 172 4095 eiu
184 4032 401 4107 inspiciebatis„
414 4032 490 4091 domi
505 4046 588 4091 sacra
609 4032 702 4096 biblia
715 4028 882 4102 solvebatis,
903 4030 928 4085 si
942 4027 1057 4100 quando
1072 4027 1215 4085 concionis
1229 4026 1302 4083 hore

127 4139 264 4211 instabat,
288 4135 631 4211 ealrequentiainhac
652 4126 735 4194 sacra
755 4134 817 4194 aede
840 4112 942 4205 eratis,
965 4133 1065 4191 utrix
1083 4130 1168 4211 alicui
1189 4130 1300 4189 tardius

128 4232 255 4303 venienti
269 4243 349 4301 locus
363 4246 449 4301 esset.
476 4240 572 4313 lianc,
588 4240 749 4313 nescioqui
764 4236 825 4312 fiat,
846 4255 897 4297 vos
916 4238 1000 4311 video
1015 4236 1251 4309 negligentiores,
1270 4236 1300 4291 in

128 4348 318 4429 decantandis
337 4345 666 4421 psalmis-remissiores,
690 4352 720 4403 et
737 4360 822 4403 rarus
844 4328 956 4415 estqui
976 4356 1079 4427 novum
1099 4338 1306 4413 testamentum.

127 4468 223 4529 seeum
238 4441 351 4527 portet,¹
370 4458 399 4511 et
413 4452 481 4510 dnm
496 4447 596 4508 durior
610 4465 690 4507 aurae
704 4441 790 4537 fletus
805 4449 923 4521 aspirat,
947 4446 1028 4505 multi
1047 4462 1065 4505 a
1085 4445 1205 4507 ueritate
1225 4443 1299 4503 rela-

218 4556 220 4561 .
1044 4546 1089 4606 9*
