3017 5225
712 446 775 518 ltu

149 622 226 705 llam
249 633 309 691 siue
331 632 463 705 uiuimus,
485 613 602 691 domino
623 632 758 707 vivimus,
783 633 842 692 siue
864 635 1014 710 morimur,
1039 635 1153 697 domiuo
1175 638 1322 703 morimur.

149 738 218 796 Siue
233 737 321 810 igitur
334 737 471 810 vivamus,
493 737 554 795 siue
568 736 733 811 moriamur,
757 737 864 796 domini
883 755 989 818 sumus,
1025 741 1059 805 Iu
1078 741 1133 799 hoc
1153 743 1228 800 enim
1244 725 1325 802 cnm

149 847 212 900 stu's
232 847 262 900 et
281 846 411 900 mortuus
433 846 477 899 est
497 847 528 898 et
547 842 705 902 resurrexit
726 848 757 901 et
777 843 894 917 reuma,
918 850 951 906 ut
971 847 1090 904 mortuis
1110 847 1325 905 aestuantibus

147 944 332 1002 dominetur«
349 949 404 1002 etc.
423 944 551 1016 Repe'tiit
564 946 665 1018 primo,
682 925 747 1017 quae
759 947 896 1006 hesterno
913 947 959 1006 die
974 945 1120 1008 docuerat.
1141 948 1254 1007 Deinde
1269 949 1322 1007 ait:

148 1038 269 1108 Utinam
292 1049 381 1121 probe
397 1037 465 1106 ‚haec
484 1049 612 1120 apostoli
626 1049 720 1108 rerba‘
735 1049 978 1123 perpenderemus
999 1056 1028 1110 et
1046 1067 1145 1109 vorum
1160 1067 1194 1110 ac
1208 1052 1323 1110 unicum

149 1151 295 1211 dominmn
315 1158 446 1211 nostrum
467 1151 566 1210 Jesum
589 1151 741 1210 Christum¹
754 1170 987 1229 agnosceremus,
1015 1157 1220 1228 recogitantes,
1245 1155 1323 1228 quod

147 1253 186 1331 is,
202 1258 254 1315 'cui
273 1256 464 1316 obedientiam
482 1262 621 1330 praestare
637 1263 778 1330 tenemur,
794 1263 823 1316 et
843 1273 901 1316 non
922 1261 964 1318 ita
977 1260 1097 1318 invicem
1116 1276 1170 1318 nos
1185 1259 1221 1317 de
1236 1260 1325 1318 rebus

147 1354 261 1428 friuolis
271 1361 474 1434 judicaremus.
504 1352 725 1433 Perpano'issimi
741 1377 778 1420 ex
796 1363 878 1422 nobis
894 1365 971 1437 suut,
987 1365 1035 1435 qui
1052 1379 1166 1422 causam
1181 1364 1324 1438 passionis

148 1471 180 1523 et
193 1465 411 1524 resurrectionis
427 1464 541 1538 Christi,
565 1481 649 1536 quam
669 1457 716 1523 hic
730 1465 839 1525 Paulus
858 1468 950 1541 ponit,
972 1468 1167 1540 considerant,
1189 1468 1323 1527 nimirum

147 1569 229 1640 quod
248 1568 377 1627 Christus
396 1569 434 1626 in·
446 1568 522 1626 hunc
541 1569 678 1657 mundum
697 1573 785 1646 venit,
810 1571 887 1644 quod
907 1588 959 1631 nos
979 1571 1122 1630 redimens
1142 1573 1271 1631 vivorum
1292 1575 1322 1629 et

146 1678 327 1732 mortuorum
348 1674 553 1733 dominaretur.
591 1674 686 1733 Taceo
708 1677 837 1750 inquam,
862 1675 932 1750 quid
955 1676 1036 1734 nobis
1057 1691 1115 1734 uon
1137 1673 1173 1735 de
1195 1673 1321 1733 secundo

146 1775 218 1834 fidei
232 1778 352 1836 articulo
368 1778 510 1837 obveniat.
540 1779 579 1835 Et
597 1779 627 1836 in
643 1779 742 1837 Jesum
753 1779 902 1837 'Christum
917 1777 1006 1838 filiurn
1022 1780 1320 1851 dominum‘nostrum,

147 1881 200 1952 qui
214 1897 268 1939 nos
282 1888 341 1963 tam
355 1898 422 1943 care
438 1883 630 1957 comparavit,
646 1899 704 1941 non
718 1885 857 1956 sanguiue
869 1867 1031 1943 'vitulorum
1051 1889 1080 1942 et
1093 1885 1245 1955 hircorum,
1269 1881 1320 1940 sed

147 2001 202 2042 suo
215 1985 305 2057 ipsius
319 1989 450 2058 precioso
465 1987 613 2060 sanguine,
629 1992 662 2045 ut
676 2003 713 2044 ex
726 1987 817 2046 Paulo
832 1987 871 2046 ad
881 1977 1047 2068 Corinthios
1060 1993 1089 2044 et
1103 2003 1139 2044 ex
1154 1987 1274 2058 epistola
1290 1985 1319 2044 d.

146 2072 230 2147 Petri
244 2091 337 2162 prima
350 2090 450 2162 liquet.
481 2086 529 2148 Sic
544 2106 658 2163 quoque
679 2084 818 2163 baptizati
832 2106 929 2148 sumus
944 2091 974 2148 in
989 2091 1103 2156 nomine
1117 2089 1208 2163 patris
1223 2096 1252 2148 ct
1267 2087 1320 2146 filii

147 2199 178 2252 et
193 2193 311 2264 spiritus
321 2211 349 2252 s.
371 2195 427 2252 Hic
441 2193 572 2253 dominus
581 2194 667 2253 lesus
684 2195 767 2253 datus
783 2177 827 2250 est
841 2193 923 2252 uobis
939 2210 993 2266 pro
1007 2195 1156 2266 advocato,
1171 2193 1190 2252 J
1192 2208 1276 2260 oann,
1288 2195 1319 2266 2,

146 2301 178 2356 et
192 2297 277 2355 unico
291 2298 458 2358 mediatore.
495 2299 581 2357 Hunc
600 2299 639 2358 ob
652 2299 844 2358 reverentiam
863 2315 944 2358 snam
960 2303 1089 2357 orantem
1103 2313 1157 2370 pro
1172 2297 1254 2356 nobis
1269 2277 1321 2370 pa·

146 2407 194 2460 ter
208 2401 335 2465 exaudiit
350 2407 379 2460 et
394 2402 522 2474 quotidie
537 2403 672 2476 exaudit,
694 2419 747 2462 nec
762 2410 830 2462 sunt
844 2408 951 2478 praeter
965 2403 1041 2462 hunc
1055 2404 1105 2462 alii
1120 2402 1165 2462 vel
1180 2401 1319 2460 mediato·

146 2523 196 2564 res
211 2506 256 2565 uel
269 2507 465 2581 opitulatores.
488 2509 585 2581 Ipsum
599 2509 764 2581 igiturjure
775 2509 883 2581 optimo
897 2512 1027 2566 nostrum
1041 2523 1105 2566 esse
1120 2522 1319 2580 agnoscamus,

146 2610 214 2669 huic
229 2613 403 2685 cernamur,
415 2628 482 2698 {non
502 2613 616 2672 solliciti
636 2612 672 2671 de
693 2614 801 2686 cibo‘et
821 2618 906 2687 potu,
929 2612 1021 2684 qualis
1037 2613 1062 2669 is
1077 2614 1128 2685 sit,
1154 2612 1204 2677 sed
1219 2609 1320 2672 demus

146 2710 275 2790 operam,
290 2722 324 2775 ut
331 2716 425 2789 sobrie
435 2732 498 2775 curn
513 2718 671 2789 gratiarum
681 2718 793 2774 actione
802 2722 965 2788 praeterque
979 2717 1102 2789 proximi
1117 2715 1320 2775 offendiculum

148 2836 302 2894 sumamus,
318 2822 403 2895 hujus
415 2822 490 2879 enim
505 2821 612 2887 domini
628 2821 733 2895 sumus,
749 2822 810 2879 siue
826 2822 954 2897 vivimus,
967 2822 1026 2879 siue
1039 2821 1184 2879 morimur.
1207 2820 1254 2878 De
1266 2820 1322 2878 hoc
1409 2870 1415 2878 .

149 2932 246 2985 autem
255 2927 369 2985 solliciti
378 2928 474 2998 simus,
485 2942 541 2998 quo
552 2927 594 2985 ita
607 2928 693 2984 vitam
702 2927 894 2999 instituamus,
910 2930 943 2984 ut
961 2912 1056 2985 coram
1065 2926 1150 2998 hujus
1160 2918 1261 2984 summi
1272 2927 1320 2998 ju-

150 3029 221 3089 dicis
236 3030 374 3088 tribunali
383 3006 694 3104 consisterequeamns.
718 3029 800 3087 Dixit
811 3036 839 3089 et
853 3030 936 3103 plura
950 3032 980 3089 in
990 3008 1068 3089 'hanc
1083 3032 1253 3090 senteutiam
1265 3035 1320 3115 etc.

238 3133 349 3193 Eadem
363 3136 504 3195 archidux
510 3136 733 3209 Maximllianus,
748 3134 927 3192 Ferdinandi
934 3135 1128 3191 Romanorum
1142 3136 1218 3207 regis
1232 3132 1319 3207 filius,

149 3240 274 3322 primum
287 3240 362 3299 inter
375 3240 490 3298 tertiam
505 3246 535 3299 et
549 3245 684 3313 quartam
698 3240 785 3297 horas
800 3237 1042 3320 antemeridianas
1057 3237 1124 3307 hinc
1138 3235 1175 3295 ab
1189 3237 1322 3311 Augusta

149 3345 389 3418 Laudtsbmrgmn
403 3345 434 3401 in
453 3345 608 3417 Hispanias
629 3342 810 3417 proiecturus
833 3339 921 3412 abiit,
938 3340 1015 3412 qood
1030 3338 1108 3397 Deus
1124 3344 1184 3413 opt.
1199 3348 1274 3415 max.
1291 3346 1322 3400 ct

150 3450 266 3522 optimae
280 3450 343 3522 spei
357 3449 532 3507 adolescenti
546 3434 831 3525 etGermaniaehene
846 3444 993 3503 fortunare
1010 3445 1162 3519 dignetur.
1175 3443 1229 3503 Est
1244 3444 1321 3503 enim

150 3554 281 3626 principe
296 3555 390 3627 dignis
403 3555 530 3612 moribus
545 3553 640 3623 homo,
657 3552 707 3623 qui
722 3556 751 3610 et
766 3550 867 3624 pietati
883 3564 940 3609 non
951 3540 1235 3609 adversariuidetur.
1253 3547 1321 3621 Sed,

150 3645 224 3730 proh
240 3658 335 3731 dolor,
356 3660 546 3732 periculosam
567 3655 774 3731 prosectionem
795 3658 904 3715 invitus
922 3657 982 3729 ipse
1003 3656 1099 3726 subire
1121 3634 1242 3713 dicitur:
1274 3654 1322 3712 Sic

150 3760 249 3834 ferunt
263 3761 467 3837 sotadeorum,
482 3780 518 3821 ne
535 3763 603 3835 quid
619 3761 687 3821 boni
702 3760 810 3819 habeat
824 3760 987 3843 Germania.
1002 3760 1144 3821 ¹Deducat
1159 3766 1188 3819 et
1203 3760 1324 3822 redueat

151 3883 217 3927 enm
232 3866 362 3926 dominus
378 3874 407 3927 et
421 3866 459 3924 ab
473 3868 624 3926 Ibe-rorum
637 3864 738 3924 hande
752 3871 784 3925 et
797 3863 995 3924 incredulitate
1008 3870 1168 3924 conservet.
1319 3866 1321 3870 ’

182 3992 187 3998 ’
242 3958 431 4046 Dcpecum'a,
448 3987 500 4043 pro
516 3969 573 4045 qua
587 3988 687 4029 comes.
697 3970 866 4049 wilhelmus
888 3969 924 4027 de
938 3967 1112 4040 Henneberg
1131 3969 1246 4041 scripsit
1260 3968 1321 4027 No·

150 4076 306 4148 ribergam,
324 4073 396 4146 nihil
409 4081 503 4134 actum
520 4082 549 4135 et
563 4061 695 4137 Eudorus
706 4077 818 4134 litteras
832 4073 951 4133 remisit.
994 4121 998 4127 .

192 4172 194 4176 ’
241 4180 354 4237 Eadem
368 4181 516 4240 Liborium
536 4181 663 4254 misimus
683 4180 722 4238 ad
742 4180 874 4239 comitem
896 4176 932 4237 ab
945 4174 1085 4234 hn'axone
1107 4172 1268 4235 oblitteras
1284 4174 1324 4233 ad

151 4286 346 4343 marchionem
362 4285 511 4343 Alhertum
527 4290 556 4344 et
571 4300 684 4343 causam
699 4300 763 4341 cum
779 4282 957 4342 coloniense.
1040 4283 1045 4293 '
1145 4288 1147 4291 ’
1246 4278 1250 4288 ’

135 4394 136 4397 ’
244 4389 430 4449 coloniensis
442 4390 494 4451 sub
514 4406 662 4465 uesperam
682 4390 713 4447 in
736 4388 838 4449 urbem
859 4399 1027 4469 reuersurus
1048 4384 1167 4455 dicitur,
1181 4388 1217 4465 ¹et
1235 4380 1322 4441 rediit

153 4510 267 4569 quoque
283 4494 393 4554 eadem.
1250 4492 1251 4495 ’
