3017 5225
755 462 801 529 46

192 650 222 707 et
236 622 306 720 erga
320 658 396 705 suos.
428 644 491 705 Pax
506 638 613 705 Christi
627 650 672 705 cst
685 660 743 719 pax
758 646 796 707 ad
810 644 903 705 Deum
918 651 948 707 ιι
961 662 1020 721 pax
1033 646 1273 715 conscientiarum
1287 660 1367 707 veru

191 750 298 809 laetitiae
317 751 348 810 in
363 748 486 813 christo
526 748 617 823 Quum
640 748 728 824 igitur
747 766 812 809 cum
833 750 979 825 discipulis
1001 753 1095 832 tenuit
1114 767 1223 827 pacem,
1247 752 1322 812 banc
1336 757 1368 811 et

191 852 248 915 illis
263 854 342 915 dedit
356 861 385 915 et
398 856 524 930 reliquit,
540 856 592 915 sed
607 855 666 913 suis
680 860 802 930 ιιιιιιιιι,
827 860 861 914 ιι
875 860 905 915 ιι
918 848 948 915 in
963 872 1047 916 cruce
1071 862 1101 916 et
1114 859 1145 916 in
1160 862 1251 917 morte
1264 870 1367 930 pacem

192 962 254 1034 eius
270 965 377 1019 etcum
392 960 455 1034 ipso
468 954 622 1020 retineant.
647 961 709 1021 Pax
724 960 823 1020 mundi
837 957 1189 1037 quantumcunquebrmu,
1200 962 1367 1021 inconstans

192 1070 244 1141 est,
260 1070 290 1127 ιι
304 1082 363 1127 ιιι
377 1066 433 1125 nisi
449 1063 487 1123 ad
500 1066 675 1139 impietatem
689 1065 784 1125 detur.
803 1065 956 1130 ,Praeterea
970 1082 1053 1125 nemo
1067 1082 1168 1141 pacem
1184 1066 1254 1148 dare
1268 1071 1367 1140 petest

191 1176 298 1246 prater
320 1186 409 1231 unum
423 1170 516 1230 Deum
537 1176 650 1245 patrem
672 1175 700 1229 ιι
714 1160 805 1230 hlium
825 1172 888 1244 ejus
902 1172 1002 1231 Jesum
1018 1170 1170 1231 Christum.
1208 1153 1371 1231 Recensuit
1474 1240 1477 1245 ,

191 1276 285 1336 obiter
299 1258 398 1334 mundi
412 1274 557 1335 turbidam
575 1290 676 1348 pacem
700 1281 730 1335 et
743 1276 979 1350 ingratitudinem
1000 1292 1069 1351 erge
1082 1277 1175 1337 bonos
1188 1277 1266 1337 viros
1282 1278 1319 1337 de
1334 1294 1367 1337 se

192 1381 300 1456 optime
314 1380 441 1440 meritos
464 1379 537 1439 Esse
552 1366 668 1454 quidem
682 1383 732 1453 qui
747 1381 777 1440 in
786 1382 933 1442 heremum
947 1382 1117 1441 ecoenobio
1131 1382 1286 1457 confugere
1299 1398 1368 1456 pos·

192 1486 262 1560 sint,
283 1487 332 1560 qui
347 1490 444 1545 ιιιιιιιι
458 1482 594 1544 mundum
608 1490 683 1545 etse
698 1486 776 1559 ipsos
789 1486 953 1562 relinquere
968 1493 1090 1562 queant,
1105 1503 1268 1581 perpaucos
1281 1503 1368 1561 repe

191 1592 253 1651 riri.
283 1592 366 1650 Hanc
380 1591 470 1685 igitur
483 1577 584 1683 pacem
600 1588 706 1680 Christi
726 1606 779 1651 nos
794 1595 825 1651 et
838 1596 975 1667 expetere
985 1592 1073 1665 jussit
1087 1596 1117 1651 et
1131 1593 1252 1653 eandem
1257 1608 1369 1688 pacem

192 1698 325 1758 omnibus
337 1678 471 1771 precatus
487 1703 540 1756 est.

281 1802 407 1875 Eadem,
429 1802 497 1863 dun
510 1802 616 1880 pueri
607 1777 638 1861 m
652 1802 782 1863 colliculo
801 1807 869 1862 ante
883 1800 961 1861 aedes
975 1801 1098 1876 hospitis
1111 1786 1205 1862 nostri
1220 1807 1251 1861 ιι
1262 1800 1368 1861 ludunt

193 1913 223 1967 et
237 1908 385 1982 cursitant,
400 1904 558 1969 infantulus
572 1906 689 1982 quidam
704 1924 720 1967 ι
734 1924 818 1969 muro
832 1908 870 1969 ad
884 1883 1049 1968 interiorem
1062 1885 1189 2025 plateam
1203 1906 1320 2005 decidit,
1337 1912 1369 1967 et

192 2011 341 2072 brachium
360 2016 391 2072 ιι
405 2018 491 2086 ceput
507 2013 615 2073 laesum

280 2118 404 2177 Domine
418 2117 511 2193 Dede,
532 2111 609 2177 filius
623 2124 689 2178 tuus
709 2118 911 2180 dilectissimus
929 2118 968 2179 ed
981 2126 1011 2179 ιι
1026 2134 1063 2179 ιι
1076 2118 1132 2179 ιιι
1146 2117 1252 2179 m'undo
1267 2134 1369 2179 escen·

193 2222 263 2283 deus
278 2223 316 2284 ud
325 2239 392 2283 suos
402 2208 456 2285 ait:
472 2223 578 2283 Pacem
592 2224 724 2295 relinquo
738 2220 829 2297 vobis,
845 2204 947 2298 pacem
958 2240 1051 2284 meam
1065 2224 1103 2285 do
1114 2219 1205 2300 vobis,
1220 2239 1279 2284 nou
1293 2226 1369 2284 sicut

178 2328 315 2422 mundus
330 2344 394 2389 eam
408 2328 467 2403 dut,
492 2344 546 2401 ego
561 2324 598 2387 do
613 2328 703 2387 vobis
735 2328 806 2386 Haec
820 2329 908 2403 igitur
921 2329 1012 2391 verba
1025 2314 1078 2389 ilii
1092 2330 1135 2389 tui
1148 2324 1189 2389 ad
1202 2330 1369 2408 memoriam

192 2408 360 2495 revocantes
383 2434 539 2506 piissimam
564 2432 767 2505 paternitatem
792 2439 872 2492 tuam
899 2434 1069 2524 suppliciter
1093 2448 1245 2510 rogamus,
1268 2432 1369 2509 pacem

192 2540 270 2598 tuam
272 2535 679 2613 ,quampcrincredulitatem
692 2543 722 2597 et
734 2539 914 2614 iniquitatem
923 2541 989 2599 ritoe
1002 2539 1367 2618 amisimus,nob1sreddet
1395 2572 1398 2577 -

192 2643 320 2706 Verbum
334 2649 415 2704 tuum
429 2644 511 2703 nobis
527 2643 665 2720 obtulisti,
681 2646 727 2704 cui
742 2661 840 2707 omues
851 2643 1016 2707 restitimus.
1039 2645 1115 2707 Nam
1123 2663 1191 2720 pars
1202 2645 1278 2705 hauc
1292 2646 1369 2706 salu·

192 2756 251 2812 tem
272 2757 400 2812 ιιοιιιιιιι
421 2750 608 2827 pertinaciter
631 2739 811 2826 repellimus,
841 2741 971 2811 nonnulli
992 2768 1062 2830 rere
1081 2731 1225 2819 Ιιιιίιιιιι
1248 2751 1369 2812 rerbmn

193 2862 274 2916 tuum
288 2873 324 2916 ex
338 2859 395 2916 imo
407 2861 525 2931 pectore
540 2853 737 2930 amplectimur
757 2862 788 2916 et
805 2862 835 2917 te
850 2854 1028 2917 confitemur.
1067 2857 1144 2917 Dum
1159 2859 1246 2943 igitur
1261 2857 1369 2916 sinete

193 2959 274 3020 nulle
288 2954 373 3052 nobis
385 2975 455 3022 vere
468 2962 517 3022 vel
528 2963 643 3035 requies
661 2963 707 3021 rel
721 2976 780 3037 pax
794 2937 963 3036 coniungat,
979 2977 1032 3021 uec
1046 2963 1086 3020 sit
1098 2962 1180 3037 alius,
1205 2958 1369 3036 quiveram

193 3064 294 3142 pacem
314 3066 384 3136 dore
405 3072 504 3143 queat,
527 3067 723 3152 redintegrate
745 3069 776 3126 in
796 3067 916 3151 domino-
932 3072 1033 3128 nostro
1047 3068 1119 3144 Jesu
1134 3066 1248 3128 Christo
1267 3083 1368 3141 pacem

194 3172 349 3258 nobiscum,
365 3189 450 3245 quam
465 3173 587 3233 mundus
602 3172 672 3234 dare
687 3189 744 3232 non
760 3177 864 3248 potest,
880 3152 912 3232 ut
927 3173 966 3234 sit
978 3189 1036 3247 pax
1051 3162 1234 3254 consuendis
1249 3174 1366 3254 ιιοιιιιι,

196 3289 252 3350 que
267 3283 339 3338 otte
354 3295 390 3340 ιι
404 3277 465 3338 tcto
481 3279 568 3339 corde
583 3293 680 3338 amare
700 3283 730 3337 ιι
747 3294 847 3360 pacem
859 3273 930 3338 *cum
944 3275 1076 3355 prosimu
1089 3280 1197 3366 habere
1210 3280 1367 3352 valeamus,

195 3385 241 3442 cui
261 3399 326 3443 cum
347 3382 407 3444 filio
426 3388 455 3444 et
469 3385 572 3459 spiritu
594 3389 693 3452 sancto
716 3382 809 3444 omnis
826 3365 972 3462 potestas,
995 3383 1145 3458 imperium
1168 3362 1310 3445 ec'honos
1329 3385 1368 3444 ιιι

144 3526 147 3535 =
195 3501 271 3563 nunc
286 3495 315 3549 et
328 3490 359 3548 in
373 3491 548 3564 sempiterna
563 3490 668 3552 secula.
691 3489 793 3549 Arnen.
853 3563 855 3568 ,

283 3594 392 3656 Ultima
405 3579 514 3668 Aprilis
527 3596 558 3654 iu
571 3596 679 3670 templo
693 3594 838 3676 Minorem
853 3594 932 3654 ιιιιιι
946 3596 1075 3666 quintam
1089 3600 1119 3654 et
1133 3601 1266 3668 quartum
1279 3578 1367 3656 horas

194 3697 222 3759 d.
246 3689 441 3759 Leonardum'
456 3717 492 3778 ιι
517 3701 611 3775 capite
637 3699 714 3772 xxvij
736 3694 871 3757 Mettbaei
892 3677 1128 3765 sermocinantem
1149 3700 1309 3761 audirimus
1329 3701 1368 3759 de

194 3803 290 3864 serbis
304 3804 517 3866 Pharisaeorum
536 3806 574 3865 ad
594 3805 672 3864 Pilat
659 3809 720 3865 tum
742 3803 780 3862 ob
800 3803 958 3862 custodiam
978 3805 1122 3880 sepulchri
1145 3805 1294 3880 dominici,
1317 3804 1367 3864 ubi

194 3911 270 3970 iuter
283 3911 396 3984 reliqua
410 3911 464 3984 ait,
481 3925 538 3968 non
554 3909 660 3970 debere
675 3909 757 3968 uobis
770 3909 875 3966 mirum
868 3909 1032 3997 rideri,
1009 3928 1034 3970 ιι
1050 3908 1086 3971 (ιι
1100 3909 1184 3975 nobis
1198 3926 1255 3971 uon
1270 3911 1368 3970 omnia

194 4030 248 4091 pro
263 4032 347 4089 aequo
367 4022 397 4077 et
410 4015 515 4074 decoro
537 4013 617 4091 (licet
629 3993 792 4090 inculpati)
805 3989 908 4074 alicubi
930 4012 1075 4091 essemus,
1098 4016 1278 4092 dicerentur,
1302 4033 1368 4077 cum

193 4121 256 4180 haec
272 4121 387 4182 domino
402 4107 573 4194 acciderint,
547 4125 618 4180 tet
632 4120 844 4180 meminerimus
859 4137 926 4196 nos,
948 4124 998 4194 qui
1013 4121 1120 4181 Christi
1133 4122 1248 4181 nomine
1262 4121 1369 4196 gloria·

107 4238 109 4243 ’
194 4241 267 4300 mur,
284 4226 438 4317 discipulos
453 4241 530 4298 esse,
547 4229 577 4283 ἰι
591 4225 668 4297 quod
684 4212 839 4301 discipulus
853 4242 912 4285 non
926 4243 1014 4300 supra
1027 4228 1203 4312 magistrm,
1219 4228 1265 4286 cui
1279 4226 1367 4302 etiam

194 4337 388 4408 postmortem
397 4332 546 4392 mendacia
560 4333 712 4408 intentant,
727 4331 845 4406 planum
859 4348 925 4390 eum
939 4337 969 4391 et
982 4334 1162 4394 seductorem
1175 4333 1368 4409 nominantes.
1446 4368 1451 4380 ι

169 4493 172 4495 ,
194 4439 267 4497 Item
288 4439 324 4498 de
345 4439 493 4510 commisso
508 4437 612 4512 Pilati,
636 4438 700 4511 qui,
722 4438 838 4496 tametsi
857 4437 1048 4497 innocentiam
1069 4437 1175 4498 Christi
1192 4438 1282 4516 probe
1301 4429 1367 4509 per·

195 4550 321 4618 spectem
331 4539 465 4606 habuerit
476 4548 506 4604 et
519 4543 655 4605 invidiam
664 4522 764 4604 eorum
777 4542 965 4617 subolererit,
979 4544 1083 4604 imore
1096 4544 1161 4618 ipsa
1173 4542 1366 4617 experiretur,
