<?xml version="1.0" encoding="UTF-8"?>
<!DOCTYPE html PUBLIC "-//W3C//DTD XHTML 1.0 Transitional//EN"
    "http://www.w3.org/TR/xhtml1/DTD/xhtml1-transitional.dtd">
<html xmlns="http://www.w3.org/1999/xhtml" xml:lang="en" lang="en">
 <head>
  <title>
</title>
<meta http-equiv="Content-Type" content="text/html;charset=utf-8" />
  <meta name='ocr-system' content='tesseract 3.04.00' />
  <meta name='ocr-capabilities' content='ocr_page ocr_carea ocr_par ocr_line ocrx_word'/>
</head>
<body>
  <div class='ocr_page' id='page_1' title='image "./desgrafenwolrad03trosgoog_0201.png"; bbox 0 0 3017 5225; ppageno 0'>
   <div class='ocr_carea' id='block_1_1' title="bbox 710 413 776 483">
    <p class='ocr_par' dir='ltr' id='par_1_1' title="bbox 710 413 776 483">
     <span class='ocr_line' id='line_1_1' title="bbox 710 413 776 483; baseline 0.015 -1"><span class='ocrx_word' id='word_1_1' title='bbox 710 413 776 483; x_wconf 80' lang='lat' dir='ltr'><strong>lat</strong></span> 
     </span>
    </p>
   </div>
   <div class='ocr_carea' id='block_1_2' title="bbox 130 594 1425 4664">
    <p class='ocr_par' dir='ltr' id='par_1_2' title="bbox 130 594 1425 4664">
     <span class='ocr_line' id='line_1_2' title="bbox 151 594 1327 675; baseline 0.003 -17"><span class='ocrx_word' id='word_1_2' title='bbox 151 598 276 659; x_wconf 75' lang='lat' dir='ltr'><strong>verbum</strong></span> <span class='ocrx_word' id='word_1_3' title='bbox 290 595 609 659; x_wconf 76' lang='lat' dir='ltr'><strong>salutis‘auuuuciabat</strong></span> <span class='ocrx_word' id='word_1_4' title='bbox 635 596 692 657; x_wconf 86' lang='lat' dir='ltr'><strong>Sed</strong></span> <span class='ocrx_word' id='word_1_5' title='bbox 708 596 778 669; x_wconf 91' lang='lat' dir='ltr'><strong>quid</strong></span> <span class='ocrx_word' id='word_1_6' title='bbox 792 595 907 657; x_wconf 83' lang='lat' dir='ltr'><strong>actum?</strong></span> <span class='ocrx_word' id='word_1_7' title='bbox 931 594 1079 673; x_wconf 77' lang='lat' dir='ltr'><strong>Oimuavit,</strong></span> <span class='ocrx_word' id='word_1_8' title='bbox 1095 600 1200 675; x_wconf 68' lang='lat' dir='ltr'><strong>inqut,</strong></span> <span class='ocrx_word' id='word_1_9' title='bbox 1216 603 1327 675; x_wconf 90' lang='lat' dir='ltr'><strong>sapien·</strong></span> 
     </span>
     <span class='ocr_line' id='line_1_3' title="bbox 155 702 1329 781; baseline 0.003 -18"><span class='ocrx_word' id='word_1_10' title='bbox 155 705 198 763; x_wconf 89' lang='lat' dir='ltr'><strong>tia</strong></span> <span class='ocrx_word' id='word_1_11' title='bbox 212 704 243 763; x_wconf 91' lang='lat' dir='ltr'><strong>in</strong></span> <span class='ocrx_word' id='word_1_12' title='bbox 259 703 378 777; x_wconf 79' lang='lat' dir='ltr'>plateis,</span> <span class='ocrx_word' id='word_1_13' title='bbox 395 707 424 762; x_wconf 90' lang='lat' dir='ltr'><strong>et</strong></span> <span class='ocrx_word' id='word_1_14' title='bbox 438 702 566 761; x_wconf 79' lang='lat' dir='ltr'><strong>loannes</strong></span> <span class='ocrx_word' id='word_1_15' title='bbox 581 702 709 776; x_wconf 79' lang='lat' dir='ltr'><strong>baptista</strong></span> <span class='ocrx_word' id='word_1_16' title='bbox 725 703 817 776; x_wconf 79' lang='lat' dir='ltr'><strong>uenit,</strong></span> <span class='ocrx_word' id='word_1_17' title='bbox 841 703 886 761; x_wconf 85' lang='lat' dir='ltr'><strong>vir</strong></span> <span class='ocrx_word' id='word_1_18' title='bbox 901 708 1025 761; x_wconf 74' lang='lat' dir='ltr'><strong>austerae</strong></span> <span class='ocrx_word' id='word_1_19' title='bbox 1040 705 1107 763; x_wconf 85' lang='lat' dir='ltr'><strong>vitae</strong></span> <span class='ocrx_word' id='word_1_20' title='bbox 1124 711 1153 764; x_wconf 88' lang='lat' dir='ltr'><strong>et</strong></span> <span class='ocrx_word' id='word_1_21' title='bbox 1167 706 1329 781; x_wconf 78' lang='lat' dir='ltr'><strong>praedicans</strong></span> 
     </span>
     <span class='ocr_line' id='line_1_4' title="bbox 155 805 1425 886; baseline 0.004 -19"><span class='ocrx_word' id='word_1_22' title='bbox 155 808 365 883; x_wconf 76' lang='lat' dir='ltr'><strong>penitentiam.</strong></span> <span class='ocrx_word' id='word_1_23' title='bbox 397 808 482 865; x_wconf 91' lang='lat' dir='ltr'><strong>Hunc</strong></span> <span class='ocrx_word' id='word_1_24' title='bbox 501 807 603 865; x_wconf 77' lang='lat' dir='ltr'><strong>oudbe</strong></span> <span class='ocrx_word' id='word_1_25' title='bbox 617 811 758 869; x_wconf 85' lang='lat' dir='ltr'><strong>renuunt.</strong></span> <span class='ocrx_word' id='word_1_26' title='bbox 790 805 920 866; x_wconf 84' lang='lat' dir='ltr'><strong>Christus</strong></span> <span class='ocrx_word' id='word_1_27' title='bbox 942 809 1021 868; x_wconf 89' lang='lat' dir='ltr'><strong>venit</strong></span> <span class='ocrx_word' id='word_1_28' title='bbox 1040 809 1117 867; x_wconf 91' lang='lat' dir='ltr'><strong>mitis</strong></span> <span class='ocrx_word' id='word_1_29' title='bbox 1138 816 1170 868; x_wconf 91' lang='lat' dir='ltr'><strong>et</strong></span> <span class='ocrx_word' id='word_1_30' title='bbox 1188 810 1329 886; x_wconf 80' lang='lat' dir='ltr'><strong>benignus</strong></span> <span class='ocrx_word' id='word_1_31' title='bbox 1418 809 1425 816; x_wconf 87' lang='lat'>&#39;</span> 
     </span>
     <span class='ocr_line' id='line_1_5' title="bbox 156 910 1331 990; baseline 0.003 -18"><span class='ocrx_word' id='word_1_32' title='bbox 156 912 307 973; x_wconf 81' lang='lat' dir='ltr'>dulcedine</span> <span class='ocrx_word' id='word_1_33' title='bbox 322 928 375 973; x_wconf 86' lang='lat' dir='ltr'><strong>sua</strong></span> <span class='ocrx_word' id='word_1_34' title='bbox 389 918 553 985; x_wconf 79' lang='lat' dir='ltr'><strong>peccatores</strong></span> <span class='ocrx_word' id='word_1_35' title='bbox 568 912 730 971; x_wconf 89' lang='lat' dir='ltr'><strong>attrahens:</strong></span> <span class='ocrx_word' id='word_1_36' title='bbox 754 913 840 971; x_wconf 91' lang='lat' dir='ltr'><strong>Hunc</strong></span> <span class='ocrx_word' id='word_1_37' title='bbox 862 913 1054 989; x_wconf 82' lang='lat' dir='ltr'><strong>rinipotorem</strong></span> <span class='ocrx_word' id='word_1_38' title='bbox 1069 920 1101 972; x_wconf 88' lang='lat' dir='ltr'><strong>et</strong></span> <span class='ocrx_word' id='word_1_39' title='bbox 1113 910 1222 973; x_wconf 86' lang='lat' dir='ltr'><strong>socium</strong></span> <span class='ocrx_word' id='word_1_40' title='bbox 1238 917 1331 990; x_wconf 90' lang='lat' dir='ltr'><strong>publi-</strong></span> 
     </span>
     <span class='ocr_line' id='line_1_6' title="bbox 155 999 1328 1094; baseline 0.002 -17"><span class='ocrx_word' id='word_1_41' title='bbox 155 1032 293 1077; x_wconf 88' lang='lat' dir='ltr'><strong>canorum</strong></span> <span class='ocrx_word' id='word_1_42' title='bbox 307 1033 342 1077; x_wconf 91' lang='lat' dir='ltr'><strong>ac</strong></span> <span class='ocrx_word' id='word_1_43' title='bbox 356 1017 539 1077; x_wconf 77' lang='lat' dir='ltr'><strong>meretricum</strong></span> <span class='ocrx_word' id='word_1_44' title='bbox 553 1021 667 1089; x_wconf 89' lang='lat' dir='ltr'><strong>vocant,</strong></span> <span class='ocrx_word' id='word_1_45' title='bbox 685 999 846 1078; x_wconf 87' lang='lat' dir='ltr'><strong>doctrinam</strong></span> <span class='ocrx_word' id='word_1_46' title='bbox 860 1017 922 1090; x_wconf 88' lang='lat' dir='ltr'><strong>ejus</strong></span> <span class='ocrx_word' id='word_1_47' title='bbox 938 1017 1103 1077; x_wconf 83' lang='lat' dir='ltr'><strong>seditiosam</strong></span> <span class='ocrx_word' id='word_1_48' title='bbox 1118 1020 1226 1094; x_wconf 89' lang='lat' dir='ltr'><strong>dicunt,</strong></span> <span class='ocrx_word' id='word_1_49' title='bbox 1241 1020 1328 1079; x_wconf 88' lang='lat' dir='ltr'><strong>bene·</strong></span> 
     </span>
     <span class='ocr_line' id='line_1_7' title="bbox 130 1094 1328 1197; baseline 0 -14"><span class='ocrx_word' id='word_1_50' title='bbox 130 1094 143 1111; x_wconf 43' lang='lat'>³</span> <span class='ocrx_word' id='word_1_51' title='bbox 154 1121 308 1189; x_wconf 76' lang='lat' dir='ltr'><strong>facientem</strong></span> <span class='ocrx_word' id='word_1_52' title='bbox 323 1121 455 1181; x_wconf 91' lang='lat' dir='ltr'><strong>omnibus</strong></span> <span class='ocrx_word' id='word_1_53' title='bbox 472 1126 502 1179; x_wconf 91' lang='lat' dir='ltr'><strong>et</strong></span> <span class='ocrx_word' id='word_1_54' title='bbox 514 1122 634 1182; x_wconf 87' lang='lat' dir='ltr'><strong>rerbum</strong></span> <span class='ocrx_word' id='word_1_55' title='bbox 649 1122 795 1181; x_wconf 84' lang='lat' dir='ltr'><strong>miraculis</strong></span> <span class='ocrx_word' id='word_1_56' title='bbox 809 1120 1042 1197; x_wconf 85' lang='lat' dir='ltr'><strong>confirmantem,</strong></span> <span class='ocrx_word' id='word_1_57' title='bbox 1058 1125 1141 1182; x_wconf 80' lang='lat' dir='ltr'><strong>oaems</strong></span> <span class='ocrx_word' id='word_1_58' title='bbox 1156 1126 1248 1183; x_wconf 88' lang='lat' dir='ltr'><strong>visum</strong></span> <span class='ocrx_word' id='word_1_59' title='bbox 1262 1122 1328 1183; x_wconf 88' lang='lat' dir='ltr'><strong>red-</strong></span> 
     </span>
     <span class='ocr_line' id='line_1_8' title="bbox 155 1216 1328 1314; baseline 0.003 -27"><span class='ocrx_word' id='word_1_60' title='bbox 155 1228 285 1314; x_wconf 82' lang='lat' dir='ltr'><strong>dentem,</strong></span> <span class='ocrx_word' id='word_1_61' title='bbox 309 1228 440 1302; x_wconf 89' lang='lat' dir='ltr'><strong>leprosos</strong></span> <span class='ocrx_word' id='word_1_62' title='bbox 461 1227 660 1301; x_wconf 84' lang='lat' dir='ltr'><strong>mundantem,</strong></span> <span class='ocrx_word' id='word_1_63' title='bbox 685 1227 830 1288; x_wconf 81' lang='lat' dir='ltr'><strong>damones</strong></span> <span class='ocrx_word' id='word_1_64' title='bbox 852 1228 1013 1301; x_wconf 83' lang='lat' dir='ltr'><strong>ejicientem</strong></span> <span class='ocrx_word' id='word_1_65' title='bbox 1034 1229 1205 1289; x_wconf 82' lang='lat' dir='ltr'><strong>daemonium</strong></span> <span class='ocrx_word' id='word_1_66' title='bbox 1219 1216 1328 1291; x_wconf 81' lang='lat' dir='ltr'><strong>babere</strong></span> 
     </span>
     <span class='ocr_line' id='line_1_9' title="bbox 154 1331 1329 1410; baseline 0.003 -18"><span class='ocrx_word' id='word_1_67' title='bbox 154 1331 350 1393; x_wconf 79' lang='lat' dir='ltr'><strong>vociferantur</strong></span> <span class='ocrx_word' id='word_1_68' title='bbox 365 1337 419 1391; x_wconf 86' lang='lat' dir='ltr'><strong>etc.</strong></span> <span class='ocrx_word' id='word_1_69' title='bbox 450 1332 491 1392; x_wconf 84' lang='lat' dir='ltr'><strong>Et</strong></span> <span class='ocrx_word' id='word_1_70' title='bbox 505 1333 545 1391; x_wconf 93' lang='lat' dir='ltr'><strong>sic</strong></span> <span class='ocrx_word' id='word_1_71' title='bbox 561 1338 594 1391; x_wconf 91' lang='lat' dir='ltr'><strong>ut</strong></span> <span class='ocrx_word' id='word_1_72' title='bbox 607 1332 746 1391; x_wconf 87' lang='lat' dir='ltr'><strong>Dominus</strong></span> <span class='ocrx_word' id='word_1_73' title='bbox 761 1334 824 1407; x_wconf 89' lang='lat' dir='ltr'><strong>ipse</strong></span> <span class='ocrx_word' id='word_1_74' title='bbox 845 1336 900 1392; x_wconf 89' lang='lat' dir='ltr'><strong>ait:</strong></span> <span class='ocrx_word' id='word_1_75' title='bbox 926 1335 1037 1394; x_wconf 89' lang='lat' dir='ltr'><strong>Similes</strong></span> <span class='ocrx_word' id='word_1_76' title='bbox 1056 1334 1125 1395; x_wconf 88' lang='lat' dir='ltr'><strong>iacti</strong></span> <span class='ocrx_word' id='word_1_77' title='bbox 1145 1341 1212 1395; x_wconf 92' lang='lat' dir='ltr'><strong>sunt</strong></span> <span class='ocrx_word' id='word_1_78' title='bbox 1232 1338 1329 1410; x_wconf 84' lang='lat' dir='ltr'><strong>pueris</strong></span> 
     </span>
     <span class='ocr_line' id='line_1_10' title="bbox 154 1436 1330 1515; baseline 0.002 -17"><span class='ocrx_word' id='word_1_79' title='bbox 154 1441 186 1499; x_wconf 92' lang='lat' dir='ltr'><strong>in</strong></span> <span class='ocrx_word' id='word_1_80' title='bbox 205 1438 300 1511; x_wconf 85' lang='lat' dir='ltr'><strong>platea</strong></span> <span class='ocrx_word' id='word_1_81' title='bbox 320 1436 486 1497; x_wconf 84' lang='lat' dir='ltr'><strong>sedentibus</strong></span> <span class='ocrx_word' id='word_1_82' title='bbox 506 1443 536 1497; x_wconf 90' lang='lat' dir='ltr'><strong>et</strong></span> <span class='ocrx_word' id='word_1_83' title='bbox 556 1436 717 1497; x_wconf 84' lang='lat' dir='ltr'><strong>dicentibus</strong></span> <span class='ocrx_word' id='word_1_84' title='bbox 737 1438 882 1499; x_wconf 85' lang='lat' dir='ltr'><strong>sodalibus</strong></span> <span class='ocrx_word' id='word_1_85' title='bbox 902 1441 973 1497; x_wconf 92' lang='lat' dir='ltr'><strong>suis:</strong></span> <span class='ocrx_word' id='word_1_86' title='bbox 998 1439 1158 1499; x_wconf 75' lang='lat' dir='ltr'><strong>cecinimus</strong></span> <span class='ocrx_word' id='word_1_87' title='bbox 1179 1442 1274 1515; x_wconf 87' lang='lat' dir='ltr'><strong>vobis,-</strong></span> <span class='ocrx_word' id='word_1_88' title='bbox 1299 1448 1330 1500; x_wconf 90' lang='lat' dir='ltr'><strong>et</strong></span> 
     </span>
     <span class='ocr_line' id='line_1_11' title="bbox 154 1530 1328 1621; baseline 0.003 -20"><span class='ocrx_word' id='word_1_89' title='bbox 154 1557 215 1602; x_wconf 91' lang='lat' dir='ltr'><strong>non</strong></span> <span class='ocrx_word' id='word_1_90' title='bbox 230 1542 370 1615; x_wconf 85' lang='lat' dir='ltr'><strong>saltastis,</strong></span> <span class='ocrx_word' id='word_1_91' title='bbox 392 1530 567 1617; x_wconf 86' lang='lat' dir='ltr'><strong>ploravimus</strong></span> <span class='ocrx_word' id='word_1_92' title='bbox 583 1552 612 1603; x_wconf 91' lang='lat' dir='ltr'><strong>et</strong></span> <span class='ocrx_word' id='word_1_93' title='bbox 626 1560 684 1602; x_wconf 91' lang='lat' dir='ltr'><strong>non</strong></span> <span class='ocrx_word' id='word_1_94' title='bbox 699 1545 822 1603; x_wconf 78' lang='lat' dir='ltr'><strong>luxistis</strong></span> <span class='ocrx_word' id='word_1_95' title='bbox 853 1544 893 1603; x_wconf 89' lang='lat' dir='ltr'><strong>Et</strong></span> <span class='ocrx_word' id='word_1_96' title='bbox 907 1560 993 1617; x_wconf 90' lang='lat' dir='ltr'><strong>quam</strong></span> <span class='ocrx_word' id='word_1_97' title='bbox 1008 1545 1109 1619; x_wconf 90' lang='lat' dir='ltr'><strong>timeo,</strong></span> <span class='ocrx_word' id='word_1_98' title='bbox 1125 1547 1229 1621; x_wconf 86' lang='lat' dir='ltr'><strong>iuquit,</strong></span> <span class='ocrx_word' id='word_1_99' title='bbox 1246 1563 1283 1605; x_wconf 91' lang='lat' dir='ltr'><strong>ne</strong></span> <span class='ocrx_word' id='word_1_100' title='bbox 1299 1554 1328 1605; x_wconf 93' lang='lat' dir='ltr'><strong>et</strong></span> 
     </span>
     <span class='ocr_line' id='line_1_12' title="bbox 156 1646 1326 1724; baseline 0.003 -19"><span class='ocrx_word' id='word_1_101' title='bbox 156 1646 319 1707; x_wconf 82' lang='lat' dir='ltr'><strong>Germaniae</strong></span> <span class='ocrx_word' id='word_1_102' title='bbox 334 1648 389 1707; x_wconf 88' lang='lat' dir='ltr'><strong>boe</strong></span> <span class='ocrx_word' id='word_1_103' title='bbox 403 1649 434 1706; x_wconf 92' lang='lat' dir='ltr'><strong>in</strong></span> <span class='ocrx_word' id='word_1_104' title='bbox 449 1648 639 1707; x_wconf 88' lang='lat' dir='ltr'><strong>suum-sinum</strong></span> <span class='ocrx_word' id='word_1_105' title='bbox 654 1646 775 1708; x_wconf 86' lang='lat' dir='ltr'><strong>diffluat.</strong></span> <span class='ocrx_word' id='word_1_106' title='bbox 805 1649 853 1707; x_wconf 83' lang='lat' dir='ltr'><strong>Ex</strong></span> <span class='ocrx_word' id='word_1_107' title='bbox 872 1649 961 1709; x_wconf 92' lang='lat' dir='ltr'><strong>multo</strong></span> <span class='ocrx_word' id='word_1_108' title='bbox 983 1651 1114 1724; x_wconf 88' lang='lat' dir='ltr'><strong>tenrp‘ore</strong></span> <span class='ocrx_word' id='word_1_109' title='bbox 1134 1650 1252 1709; x_wconf 86' lang='lat' dir='ltr'><strong>verbum</strong></span> <span class='ocrx_word' id='word_1_110' title='bbox 1274 1650 1326 1709; x_wconf 93' lang='lat' dir='ltr'><strong>do-</strong></span> 
     </span>
     <span class='ocr_line' id='line_1_13' title="bbox 154 1752 1329 1835; baseline 0.002 -24"><span class='ocrx_word' id='word_1_111' title='bbox 154 1753 226 1811; x_wconf 92' lang='lat' dir='ltr'><strong>mini</strong></span> <span class='ocrx_word' id='word_1_112' title='bbox 241 1752 525 1813; x_wconf 78' lang='lat' dir='ltr'><strong>smeereaudivimus</strong></span> <span class='ocrx_word' id='word_1_113' title='bbox 540 1757 570 1812; x_wconf 91' lang='lat' dir='ltr'><strong>et</strong></span> <span class='ocrx_word' id='word_1_114' title='bbox 584 1768 815 1835; x_wconf 25' lang='lat' dir='ltr'><strong>uonxpossumus</strong></span> <span class='ocrx_word' id='word_1_115' title='bbox 836 1754 1029 1828; x_wconf 76' lang='lat' dir='ltr'><strong>ignorantiam</strong></span> <span class='ocrx_word' id='word_1_116' title='bbox 1049 1754 1247 1829; x_wconf 81' lang='lat' dir='ltr'><strong>praetendere,</strong></span> <span class='ocrx_word' id='word_1_117' title='bbox 1272 1756 1329 1813; x_wconf 87' lang='lat' dir='ltr'><strong>nisi</strong></span> 
     </span>
     <span class='ocr_line' id='line_1_14' title="bbox 154 1854 1326 1935; baseline 0.004 -20"><span class='ocrx_word' id='word_1_118' title='bbox 154 1856 232 1917; x_wconf 81' lang='lat' dir='ltr'><strong>forte</strong></span> <span class='ocrx_word' id='word_1_119' title='bbox 245 1859 285 1933; x_wconf 90' lang='lat' dir='ltr'><strong>hi,</strong></span> <span class='ocrx_word' id='word_1_120' title='bbox 301 1854 405 1931; x_wconf 71' lang='lat' dir='ltr'><strong>ciuibus</strong></span> <span class='ocrx_word' id='word_1_121' title='bbox 419 1857 450 1916; x_wconf 92' lang='lat' dir='ltr'><strong>id</strong></span> <span class='ocrx_word' id='word_1_122' title='bbox 465 1858 565 1917; x_wconf 90' lang='lat' dir='ltr'><strong>audire</strong></span> <span class='ocrx_word' id='word_1_123' title='bbox 579 1864 610 1916; x_wconf 91' lang='lat' dir='ltr'><strong>et</strong></span> <span class='ocrx_word' id='word_1_124' title='bbox 624 1856 722 1918; x_wconf 82' lang='lat' dir='ltr'><strong>ridere</strong></span> <span class='ocrx_word' id='word_1_125' title='bbox 738 1858 886 1917; x_wconf 91' lang='lat' dir='ltr'><strong>nonlicet.</strong></span> <span class='ocrx_word' id='word_1_126' title='bbox 910 1858 983 1917; x_wconf 81' lang='lat' dir='ltr'><strong>Cum</strong></span> <span class='ocrx_word' id='word_1_127' title='bbox 998 1878 1067 1921; x_wconf 90' lang='lat' dir='ltr'><strong>vero</strong></span> <span class='ocrx_word' id='word_1_128' title='bbox 1076 1878 1156 1929; x_wconf 81' lang='lat' dir='ltr'><strong>nnnc¹</strong></span> <span class='ocrx_word' id='word_1_129' title='bbox 1163 1861 1326 1935; x_wconf 88' lang='lat' dir='ltr'><strong>persecutio</strong></span> 
     </span>
     <span class='ocr_line' id='line_1_15' title="bbox 154 1962 1326 2037; baseline -0.001 -14"><span class='ocrx_word' id='word_1_130' title='bbox 154 1964 259 2036; x_wconf 87' lang='lat' dir='ltr'><strong>instet,</strong></span> <span class='ocrx_word' id='word_1_131' title='bbox 283 1962 469 2037; x_wconf 76' lang='lat' dir='ltr'><strong>advigilamus</strong></span> <span class='ocrx_word' id='word_1_132' title='bbox 485 1969 513 2021; x_wconf 91' lang='lat' dir='ltr'><strong>et</strong></span> <span class='ocrx_word' id='word_1_133' title='bbox 533 1979 696 2036; x_wconf 77' lang='lat' dir='ltr'><strong>caveamuS,</strong></span> <span class='ocrx_word' id='word_1_134' title='bbox 718 1980 755 2022; x_wconf 87' lang='lat' dir='ltr'><strong>ne</strong></span> <span class='ocrx_word' id='word_1_135' title='bbox 776 1964 813 2023; x_wconf 92' lang='lat' dir='ltr'><strong>ab</strong></span> <span class='ocrx_word' id='word_1_136' title='bbox 834 1980 869 2023; x_wconf 93' lang='lat' dir='ltr'><strong>eo</strong></span> <span class='ocrx_word' id='word_1_137' title='bbox 887 1962 1061 2023; x_wconf 88' lang='lat' dir='ltr'><strong>relabamur.</strong></span> <span class='ocrx_word' id='word_1_138' title='bbox 1091 1966 1212 2025; x_wconf 89' lang='lat' dir='ltr'><strong>Addidit</strong></span> <span class='ocrx_word' id='word_1_139' title='bbox 1231 1971 1326 2025; x_wconf 91' lang='lat' dir='ltr'><strong>autem</strong></span> 
     </span>
     <span class='ocr_line' id='line_1_16' title="bbox 156 2057 1329 2143; baseline -0.001 -16"><span class='ocrx_word' id='word_1_140' title='bbox 156 2066 288 2127; x_wconf 79' lang='lat' dir='ltr'><strong>Christus</strong></span> <span class='ocrx_word' id='word_1_141' title='bbox 304 2084 379 2127; x_wconf 89' lang='lat' dir='ltr'><strong>nuuc</strong></span> <span class='ocrx_word' id='word_1_142' title='bbox 398 2085 457 2129; x_wconf 90' lang='lat' dir='ltr'><strong>nou</strong></span> <span class='ocrx_word' id='word_1_143' title='bbox 474 2068 582 2127; x_wconf 90' lang='lat' dir='ltr'><strong>babere</strong></span> <span class='ocrx_word' id='word_1_144' title='bbox 602 2069 735 2143; x_wconf 86' lang='lat' dir='ltr'><strong>Judaeos,</strong></span> <span class='ocrx_word' id='word_1_145' title='bbox 760 2068 837 2141; x_wconf 79' lang='lat' dir='ltr'><strong>duod</strong></span> <span class='ocrx_word' id='word_1_146' title='bbox 858 2075 976 2142; x_wconf 86' lang='lat' dir='ltr'><strong>peccato</strong></span> <span class='ocrx_word' id='word_1_147' title='bbox 995 2057 1049 2127; x_wconf 85' lang='lat' dir='ltr'><strong>suo</strong></span> <span class='ocrx_word' id='word_1_148' title='bbox 1069 2074 1256 2143; x_wconf 78' lang='lat' dir='ltr'><strong>praetexant,</strong></span> <span class='ocrx_word' id='word_1_149' title='bbox 1268 2087 1329 2127; x_wconf 89' lang='lat' dir='ltr'><strong>non</strong></span> 
     </span>
     <span class='ocr_line' id='line_1_17' title="bbox 156 2162 1328 2258; baseline 0 -25"><span class='ocrx_word' id='word_1_150' title='bbox 156 2172 240 2233; x_wconf 87' lang='lat' dir='ltr'><strong>dicit:</strong></span> <span class='ocrx_word' id='word_1_151' title='bbox 262 2173 331 2233; x_wconf 87' lang='lat' dir='ltr'><strong>Non</strong></span> <span class='ocrx_word' id='word_1_152' title='bbox 346 2186 380 2233; x_wconf 74' lang='lat' dir='ltr'><strong>se·</strong></span> <span class='ocrx_word' id='word_1_153' title='bbox 393 2175 581 2246; x_wconf 86' lang='lat' dir='ltr'><strong>excusabunt,</strong></span> <span class='ocrx_word' id='word_1_154' title='bbox 602 2163 653 2258; x_wconf 85' lang='lat' dir='ltr'><strong>sed</strong></span> <span class='ocrx_word' id='word_1_155' title='bbox 668 2190 726 2232; x_wconf 91' lang='lat' dir='ltr'><strong>non</strong></span> <span class='ocrx_word' id='word_1_156' title='bbox 740 2174 862 2249; x_wconf 89' lang='lat' dir='ltr'><strong>babent,</strong></span> <span class='ocrx_word' id='word_1_157' title='bbox 886 2162 942 2246; x_wconf 87' lang='lat' dir='ltr'><strong>quo</strong></span> <span class='ocrx_word' id='word_1_158' title='bbox 958 2191 989 2233; x_wconf 90' lang='lat' dir='ltr'><strong>se</strong></span> <span class='ocrx_word' id='word_1_159' title='bbox 1004 2181 1149 2234; x_wconf 84' lang='lat' dir='ltr'><strong>excusent.</strong></span> <span class='ocrx_word' id='word_1_160' title='bbox 1180 2174 1268 2233; x_wconf 84' lang='lat' dir='ltr'><strong>Aliud</strong></span> <span class='ocrx_word' id='word_1_161' title='bbox 1284 2180 1328 2233; x_wconf 88' lang='lat' dir='ltr'><strong>est</strong></span> 
     </span>
     <span class='ocr_line' id='line_1_18' title="bbox 158 2264 1328 2353; baseline 0 -16"><span class='ocrx_word' id='word_1_162' title='bbox 158 2279 235 2337; x_wconf 90' lang='lat' dir='ltr'><strong>enim</strong></span> <span class='ocrx_word' id='word_1_163' title='bbox 249 2283 278 2337; x_wconf 89' lang='lat' dir='ltr'><strong>te</strong></span> <span class='ocrx_word' id='word_1_164' title='bbox 293 2292 352 2337; x_wconf 91' lang='lat' dir='ltr'><strong>non</strong></span> <span class='ocrx_word' id='word_1_165' title='bbox 375 2294 527 2353; x_wconf 84' lang='lat' dir='ltr'><strong>excusare,</strong></span> <span class='ocrx_word' id='word_1_166' title='bbox 551 2270 581 2339; x_wconf 85' lang='lat' dir='ltr'><strong>et</strong></span> <span class='ocrx_word' id='word_1_167' title='bbox 601 2280 692 2351; x_wconf 81' lang='lat' dir='ltr'><strong>abud,</strong></span> <span class='ocrx_word' id='word_1_168' title='bbox 716 2295 774 2351; x_wconf 91' lang='lat' dir='ltr'><strong>quo</strong></span> <span class='ocrx_word' id='word_1_169' title='bbox 794 2285 823 2338; x_wconf 90' lang='lat' dir='ltr'><strong>te</strong></span> <span class='ocrx_word' id='word_1_170' title='bbox 844 2296 962 2342; x_wconf 83' lang='lat' dir='ltr'><strong>excuses</strong></span> <span class='ocrx_word' id='word_1_171' title='bbox 983 2269 1041 2339; x_wconf 86' lang='lat' dir='ltr'><strong>non</strong></span> <span class='ocrx_word' id='word_1_172' title='bbox 1058 2280 1174 2340; x_wconf 86' lang='lat' dir='ltr'><strong>habere.</strong></span> <span class='ocrx_word' id='word_1_173' title='bbox 1210 2264 1328 2338; x_wconf 75' lang='lat' dir='ltr'><strong>Natura</strong></span> 
     </span>
     <span class='ocr_line' id='line_1_19' title="bbox 156 2365 1327 2460; baseline -0.002 -17"><span class='ocrx_word' id='word_1_174' title='bbox 156 2386 234 2446; x_wconf 87' lang='lat' dir='ltr'><strong>enim</strong></span> <span class='ocrx_word' id='word_1_175' title='bbox 247 2384 302 2445; x_wconf 91' lang='lat' dir='ltr'><strong>boc</strong></span> <span class='ocrx_word' id='word_1_176' title='bbox 317 2380 447 2445; x_wconf 87' lang='lat' dir='ltr'><strong>omnibus</strong></span> <span class='ocrx_word' id='word_1_177' title='bbox 462 2388 592 2443; x_wconf 92' lang='lat' dir='ltr'><strong>innatum</strong></span> <span class='ocrx_word' id='word_1_178' title='bbox 607 2391 659 2460; x_wconf 91' lang='lat' dir='ltr'><strong>ast,</strong></span> <span class='ocrx_word' id='word_1_179' title='bbox 668 2386 702 2446; x_wconf 85' lang='lat' dir='ltr'><strong>ut</strong></span> <span class='ocrx_word' id='word_1_180' title='bbox 714 2385 745 2443; x_wconf 91' lang='lat' dir='ltr'><strong>in</strong></span> <span class='ocrx_word' id='word_1_181' title='bbox 760 2388 861 2459; x_wconf 86' lang='lat' dir='ltr'><strong>quovis</strong></span> <span class='ocrx_word' id='word_1_182' title='bbox 877 2387 981 2446; x_wconf 91' lang='lat' dir='ltr'><strong>delicto</strong></span> <span class='ocrx_word' id='word_1_183' title='bbox 995 2388 1125 2446; x_wconf 90' lang='lat' dir='ltr'><strong>homiues</strong></span> <span class='ocrx_word' id='word_1_184' title='bbox 1140 2397 1171 2444; x_wconf 84' lang='lat' dir='ltr'><strong>se</strong></span> <span class='ocrx_word' id='word_1_185' title='bbox 1189 2365 1327 2444; x_wconf 81' lang='lat' dir='ltr'><strong>excusare</strong></span> 
     </span>
     <span class='ocr_line' id='line_1_20' title="bbox 156 2490 1326 2580; baseline -0.002 -31"><span class='ocrx_word' id='word_1_186' title='bbox 156 2496 304 2550; x_wconf 88' lang='lat' dir='ltr'><strong>conentur.</strong></span> <span class='ocrx_word' id='word_1_187' title='bbox 346 2490 393 2549; x_wconf 85' lang='lat' dir='ltr'><strong>Sic</strong></span> <span class='ocrx_word' id='word_1_188' title='bbox 414 2491 524 2579; x_wconf 76' lang='lat' dir='ltr'><strong>primus</strong></span> <span class='ocrx_word' id='word_1_189' title='bbox 545 2507 650 2565; x_wconf 90' lang='lat' dir='ltr'><strong>parens</strong></span> <span class='ocrx_word' id='word_1_190' title='bbox 671 2498 770 2551; x_wconf 90' lang='lat' dir='ltr'><strong>noster</strong></span> <span class='ocrx_word' id='word_1_191' title='bbox 783 2491 916 2580; x_wconf 59' lang='lat' dir='ltr'><strong>,adamus</strong></span> <span class='ocrx_word' id='word_1_192' title='bbox 938 2493 1102 2565; x_wconf 83' lang='lat' dir='ltr'><strong>alloquente</strong></span> <span class='ocrx_word' id='word_1_193' title='bbox 1123 2510 1189 2551; x_wconf 90' lang='lat' dir='ltr'><strong>eum</strong></span> <span class='ocrx_word' id='word_1_194' title='bbox 1211 2490 1326 2551; x_wconf 88' lang='lat' dir='ltr'><strong>domino</strong></span> 
     </span>
     <span class='ocr_line' id='line_1_21' title="bbox 156 2594 1327 2684; baseline 0.001 -30"><span class='ocrx_word' id='word_1_195' title='bbox 156 2594 290 2656; x_wconf 90' lang='lat' dir='ltr'><strong>obesum</strong></span> <span class='ocrx_word' id='word_1_196' title='bbox 304 2596 409 2672; x_wconf 69' lang='lat' dir='ltr'><strong>pomi,</strong></span> <span class='ocrx_word' id='word_1_197' title='bbox 419 2598 474 2657; x_wconf 90' lang='lat' dir='ltr'><strong>ait:</strong></span> <span class='ocrx_word' id='word_1_198' title='bbox 487 2596 619 2684; x_wconf 76' lang='lat' dir='ltr'><strong>Mulier,</strong></span> <span class='ocrx_word' id='word_1_199' title='bbox 642 2613 728 2669; x_wconf 88' lang='lat' dir='ltr'><strong>quam</strong></span> <span class='ocrx_word' id='word_1_200' title='bbox 744 2595 848 2657; x_wconf 89' lang='lat' dir='ltr'><strong>dedisti</strong></span> <span class='ocrx_word' id='word_1_201' title='bbox 862 2598 946 2671; x_wconf 89' lang='lat' dir='ltr'><strong>mihi,</strong></span> <span class='ocrx_word' id='word_1_202' title='bbox 969 2598 1048 2658; x_wconf 91' lang='lat' dir='ltr'><strong>dedit</strong></span> <span class='ocrx_word' id='word_1_203' title='bbox 1068 2599 1137 2657; x_wconf 90' lang='lat' dir='ltr'><strong>mibi</strong></span> <span class='ocrx_word' id='word_1_204' title='bbox 1157 2598 1193 2658; x_wconf 90' lang='lat' dir='ltr'><strong>de</strong></span> <span class='ocrx_word' id='word_1_205' title='bbox 1213 2597 1327 2667; x_wconf 78' lang='lat' dir='ltr'><strong>arbore,</strong></span> 
     </span>
     <span class='ocr_line' id='line_1_22' title="bbox 156 2701 1327 2785; baseline -0.004 -21"><span class='ocrx_word' id='word_1_206' title='bbox 156 2703 221 2765; x_wconf 84' lang='lat' dir='ltr'><strong>Eva</strong></span> <span class='ocrx_word' id='word_1_207' title='bbox 232 2709 330 2766; x_wconf 69' lang='lat' dir='ltr'><strong>numm</strong></span> <span class='ocrx_word' id='word_1_208' title='bbox 347 2705 431 2764; x_wconf 84' lang='lat' dir='ltr'><strong>dixit:</strong></span> <span class='ocrx_word' id='word_1_209' title='bbox 457 2704 582 2776; x_wconf 82' lang='lat' dir='ltr'><strong>Serpens</strong></span> <span class='ocrx_word' id='word_1_210' title='bbox 598 2703 713 2785; x_wconf 90' lang='lat' dir='ltr'><strong>decepit</strong></span> <span class='ocrx_word' id='word_1_211' title='bbox 731 2720 777 2760; x_wconf 91' lang='lat' dir='ltr'><strong>me</strong></span> <span class='ocrx_word' id='word_1_212' title='bbox 796 2708 830 2761; x_wconf 90' lang='lat' dir='ltr'><strong>ut</strong></span> <span class='ocrx_word' id='word_1_213' title='bbox 845 2704 1033 2764; x_wconf 88' lang='lat' dir='ltr'><strong>comederem.</strong></span> <span class='ocrx_word' id='word_1_214' title='bbox 1057 2703 1161 2764; x_wconf 86' lang='lat' dir='ltr'><strong>Genes.</strong></span> <span class='ocrx_word' id='word_1_215' title='bbox 1180 2706 1209 2761; x_wconf 83' lang='lat'><strong>3.</strong></span> <span class='ocrx_word' id='word_1_216' title='bbox 1240 2701 1327 2761; x_wconf 89' lang='lat' dir='ltr'><strong>Vide·</strong></span> 
     </span>
     <span class='ocr_line' id='line_1_23' title="bbox 156 2800 1325 2884; baseline -0.003 -16"><span class='ocrx_word' id='word_1_217' title='bbox 156 2827 220 2868; x_wconf 92' lang='lat' dir='ltr'><strong>mus</strong></span> <span class='ocrx_word' id='word_1_218' title='bbox 234 2809 310 2869; x_wconf 92' lang='lat' dir='ltr'><strong>idem</strong></span> <span class='ocrx_word' id='word_1_219' title='bbox 324 2812 354 2871; x_wconf 92' lang='lat' dir='ltr'><strong>in</strong></span> <span class='ocrx_word' id='word_1_220' title='bbox 368 2810 465 2884; x_wconf 89' lang='lat' dir='ltr'><strong>pueris</strong></span> <span class='ocrx_word' id='word_1_221' title='bbox 482 2809 664 2883; x_wconf 88' lang='lat' dir='ltr'><strong>quantumvis</strong></span> <span class='ocrx_word' id='word_1_222' title='bbox 679 2800 807 2882; x_wconf 88' lang='lat' dir='ltr'><strong>tenellis,</strong></span> <span class='ocrx_word' id='word_1_223' title='bbox 830 2810 855 2867; x_wconf 91' lang='lat' dir='ltr'><strong>si</strong></span> <span class='ocrx_word' id='word_1_224' title='bbox 870 2807 941 2882; x_wconf 86' lang='lat' dir='ltr'><strong>quid</strong></span> <span class='ocrx_word' id='word_1_225' title='bbox 955 2807 1137 2881; x_wconf 87' lang='lat' dir='ltr'><strong>admiserint,</strong></span> <span class='ocrx_word' id='word_1_226' title='bbox 1160 2807 1254 2866; x_wconf 91' lang='lat' dir='ltr'><strong>subito</strong></span> <span class='ocrx_word' id='word_1_227' title='bbox 1276 2823 1325 2864; x_wconf 84' lang='lat' dir='ltr'><strong>ex-</strong></span> 
     </span>
     <span class='ocr_line' id='line_1_24' title="bbox 149 2903 1328 3006; baseline -0.003 -32"><span class='ocrx_word' id='word_1_228' title='bbox 149 2916 403 2979; x_wconf 80' lang='lat' dir='ltr'><strong>‘cusatiouemsuis</strong></span> <span class='ocrx_word' id='word_1_229' title='bbox 419 2914 574 2993; x_wconf 84' lang='lat' dir='ltr'><strong>commissis</strong></span> <span class='ocrx_word' id='word_1_230' title='bbox 589 2919 759 2988; x_wconf 82' lang='lat' dir='ltr'><strong>praetexere.</strong></span> <span class='ocrx_word' id='word_1_231' title='bbox 784 2903 842 2974; x_wconf 80' lang='lat' dir='ltr'><strong>Sed</strong></span> <span class='ocrx_word' id='word_1_232' title='bbox 855 2931 914 2974; x_wconf 93' lang='lat' dir='ltr'><strong>uon</strong></span> <span class='ocrx_word' id='word_1_233' title='bbox 929 2916 970 2974; x_wconf 91' lang='lat' dir='ltr'><strong>sic</strong></span> <span class='ocrx_word' id='word_1_234' title='bbox 984 2930 1037 2974; x_wconf 92' lang='lat' dir='ltr'><strong>nos</strong></span> <span class='ocrx_word' id='word_1_235' title='bbox 1051 2931 1180 2988; x_wconf 82' lang='lat' dir='ltr'><strong>agamus,</strong></span> <span class='ocrx_word' id='word_1_236' title='bbox 1197 2929 1214 2971; x_wconf 96' lang='lat' dir='ltr'><strong>o</strong></span> <span class='ocrx_word' id='word_1_237' title='bbox 1231 2911 1328 3006; x_wconf 74' lang='lat' dir='ltr'><strong>dilecti</strong></span> 
     </span>
     <span class='ocr_line' id='line_1_25' title="bbox 157 3017 1324 3104; baseline -0.001 -27"><span class='ocrx_word' id='word_1_238' title='bbox 157 3020 188 3078; x_wconf 91' lang='lat' dir='ltr'><strong>in</strong></span> <span class='ocrx_word' id='word_1_239' title='bbox 197 3018 323 3095; x_wconf 81' lang='lat' dir='ltr'><strong>Christo,</strong></span> <span class='ocrx_word' id='word_1_240' title='bbox 337 3031 526 3094; x_wconf 79' lang='lat' dir='ltr'><strong>agnoscamus</strong></span> <span class='ocrx_word' id='word_1_241' title='bbox 540 3020 777 3104; x_wconf 77' lang='lat' dir='ltr'><strong>iugratitudinem</strong></span> <span class='ocrx_word' id='word_1_242' title='bbox 791 3025 918 3079; x_wconf 88' lang='lat' dir='ltr'><strong>nostram</strong></span> <span class='ocrx_word' id='word_1_243' title='bbox 933 3019 963 3080; x_wconf 88' lang='lat' dir='ltr'><strong>et</strong></span> <span class='ocrx_word' id='word_1_244' title='bbox 975 3037 1029 3080; x_wconf 88' lang='lat' dir='ltr'><strong>nos</strong></span> <span class='ocrx_word' id='word_1_245' title='bbox 1043 3037 1106 3078; x_wconf 91' lang='lat' dir='ltr'><strong>cum</strong></span> <span class='ocrx_word' id='word_1_246' title='bbox 1122 3025 1198 3078; x_wconf 90' lang='lat' dir='ltr'><strong>reste</strong></span> <span class='ocrx_word' id='word_1_247' title='bbox 1213 3017 1252 3078; x_wconf 89' lang='lat' dir='ltr'><strong>ad</strong></span> <span class='ocrx_word' id='word_1_248' title='bbox 1267 3019 1324 3076; x_wconf 90' lang='lat' dir='ltr'><strong>col-</strong></span> 
     </span>
     <span class='ocr_line' id='line_1_26' title="bbox 157 3114 1329 3199; baseline 0.002 -19"><span class='ocrx_word' id='word_1_249' title='bbox 157 3123 217 3182; x_wconf 84' lang='lat' dir='ltr'><strong>lum</strong></span> <span class='ocrx_word' id='word_1_250' title='bbox 231 3131 298 3184; x_wconf 89' lang='lat' dir='ltr'><strong>ante</strong></span> <span class='ocrx_word' id='word_1_251' title='bbox 314 3124 361 3182; x_wconf 89' lang='lat' dir='ltr'><strong>dei</strong></span> <span class='ocrx_word' id='word_1_252' title='bbox 375 3123 673 3198; x_wconf 75' lang='lat' dir='ltr'><strong>faciem-projiciamus</strong></span> <span class='ocrx_word' id='word_1_253' title='bbox 688 3125 799 3186; x_wconf 84' lang='lat' dir='ltr'><strong>veniam</strong></span> <span class='ocrx_word' id='word_1_254' title='bbox 814 3132 945 3198; x_wconf 89' lang='lat' dir='ltr'><strong>petentes</strong></span> <span class='ocrx_word' id='word_1_255' title='bbox 960 3114 1070 3199; x_wconf 86' lang='lat' dir='ltr'><strong>nosque</strong></span> <span class='ocrx_word' id='word_1_256' title='bbox 1086 3129 1252 3199; x_wconf 89' lang='lat' dir='ltr'><strong>peccatores</strong></span> <span class='ocrx_word' id='word_1_257' title='bbox 1278 3141 1329 3197; x_wconf 82' lang='lat' dir='ltr'><strong>ag·</strong></span> 
     </span>
     <span class='ocr_line' id='line_1_27' title="bbox 157 3229 1329 3304; baseline -0.003 -16"><span class='ocrx_word' id='word_1_258' title='bbox 157 3234 318 3304; x_wconf 87' lang='lat' dir='ltr'><strong>noscentes,</strong></span> <span class='ocrx_word' id='word_1_259' title='bbox 334 3231 382 3299; x_wconf 85' lang='lat' dir='ltr'><strong>ille</strong></span> <span class='ocrx_word' id='word_1_260' title='bbox 398 3231 483 3302; x_wconf 87' lang='lat' dir='ltr'><strong>enim,</strong></span> <span class='ocrx_word' id='word_1_261' title='bbox 500 3230 620 3302; x_wconf 87' lang='lat' dir='ltr'><strong>quinon</strong></span> <span class='ocrx_word' id='word_1_262' title='bbox 636 3229 762 3290; x_wconf 90' lang='lat' dir='ltr'><strong>audebat</strong></span> <span class='ocrx_word' id='word_1_263' title='bbox 777 3230 814 3288; x_wconf 90' lang='lat' dir='ltr'><strong>ad</strong></span> <span class='ocrx_word' id='word_1_264' title='bbox 828 3230 932 3288; x_wconf 86' lang='lat' dir='ltr'><strong>coelnm</strong></span> <span class='ocrx_word' id='word_1_265' title='bbox 948 3230 1045 3288; x_wconf 90' lang='lat' dir='ltr'><strong>oculos</strong></span> <span class='ocrx_word' id='word_1_266' title='bbox 1060 3229 1203 3302; x_wconf 87' lang='lat' dir='ltr'><strong>attollere,</strong></span> <span class='ocrx_word' id='word_1_267' title='bbox 1220 3229 1329 3300; x_wconf 90' lang='lat' dir='ltr'><strong>dicens,</strong></span> 
     </span>
     <span class='ocr_line' id='line_1_28' title="bbox 132 3313 1328 3414; baseline -0.003 -21"><span class='ocrx_word' id='word_1_268' title='bbox 132 3369 136 3374; x_wconf 86' lang='lat'><em>·</em></span> <span class='ocrx_word' id='word_1_269' title='bbox 157 3333 238 3394; x_wconf 89' lang='lat' dir='ltr'><strong>Deus</strong></span> <span class='ocrx_word' id='word_1_270' title='bbox 254 3341 314 3396; x_wconf 91' lang='lat' dir='ltr'><strong>esto</strong></span> <span class='ocrx_word' id='word_1_271' title='bbox 329 3336 471 3414; x_wconf 87' lang='lat' dir='ltr'><strong>propitius</strong></span> <span class='ocrx_word' id='word_1_272' title='bbox 485 3336 556 3394; x_wconf 89' lang='lat' dir='ltr'><strong>mihi</strong></span> <span class='ocrx_word' id='word_1_273' title='bbox 573 3336 731 3409; x_wconf 88' lang='lat' dir='ltr'><strong>peccatori,</strong></span> <span class='ocrx_word' id='word_1_274' title='bbox 753 3332 927 3406; x_wconf 87' lang='lat' dir='ltr'><strong>justificatus</strong></span> <span class='ocrx_word' id='word_1_275' title='bbox 947 3333 1003 3392; x_wconf 91' lang='lat' dir='ltr'><strong>dici</strong></span> <span class='ocrx_word' id='word_1_276' title='bbox 1022 3313 1136 3391; x_wconf 86' lang='lat' dir='ltr'><strong>meruit.</strong></span> <span class='ocrx_word' id='word_1_277' title='bbox 1167 3332 1328 3405; x_wconf 90' lang='lat' dir='ltr'><strong>Hypocrita</strong></span> 
     </span>
     <span class='ocr_line' id='line_1_29' title="bbox 157 3429 1326 3529; baseline -0.007 -28"><span class='ocrx_word' id='word_1_278' title='bbox 157 3457 228 3501; x_wconf 79' lang='lat' dir='ltr'><strong>vero</strong></span> <span class='ocrx_word' id='word_1_279' title='bbox 242 3443 298 3529; x_wconf 80' lang='lat' dir='ltr'><strong>iste</strong></span> <span class='ocrx_word' id='word_1_280' title='bbox 313 3457 344 3500; x_wconf 92' lang='lat' dir='ltr'><strong>se</strong></span> <span class='ocrx_word' id='word_1_281' title='bbox 359 3429 498 3500; x_wconf 85' lang='lat' dir='ltr'><strong>excusans</strong></span> <span class='ocrx_word' id='word_1_282' title='bbox 515 3445 544 3499; x_wconf 89' lang='lat' dir='ltr'><strong>et</strong></span> <span class='ocrx_word' id='word_1_283' title='bbox 552 3440 738 3498; x_wconf 83' lang='lat' dir='ltr'><strong>&#39;sanctitatem</strong></span> <span class='ocrx_word' id='word_1_284' title='bbox 752 3440 937 3511; x_wconf 83' lang='lat' dir='ltr'><strong>praetendens</strong></span> <span class='ocrx_word' id='word_1_285' title='bbox 952 3439 1124 3512; x_wconf 88' lang='lat' dir='ltr'><strong>reprobatus</strong></span> <span class='ocrx_word' id='word_1_286' title='bbox 1139 3435 1219 3496; x_wconf 88' lang='lat' dir='ltr'><strong>abiit.</strong></span> <span class='ocrx_word' id='word_1_287' title='bbox 1253 3435 1326 3493; x_wconf 86' lang='lat' dir='ltr'><strong>Cou-</strong></span> 
     </span>
     <span class='ocr_line' id='line_1_30' title="bbox 155 3540 1324 3624; baseline -0.006 -18"><span class='ocrx_word' id='word_1_288' title='bbox 155 3547 230 3606; x_wconf 88' lang='lat' dir='ltr'><strong>cede</strong></span> <span class='ocrx_word' id='word_1_289' title='bbox 244 3547 332 3620; x_wconf 82' lang='lat' dir='ltr'><strong>igitur</strong></span> <span class='ocrx_word' id='word_1_290' title='bbox 347 3546 504 3624; x_wconf 90' lang='lat' dir='ltr'><strong>propitius,</strong></span> <span class='ocrx_word' id='word_1_291' title='bbox 528 3559 545 3605; x_wconf 91' lang='lat' dir='ltr'><strong>o</strong></span> <span class='ocrx_word' id='word_1_292' title='bbox 562 3545 674 3604; x_wconf 90' lang='lat' dir='ltr'><strong>domiue</strong></span> <span class='ocrx_word' id='word_1_293' title='bbox 689 3543 769 3620; x_wconf 87' lang='lat' dir='ltr'><strong>deus,</strong></span> <span class='ocrx_word' id='word_1_294' title='bbox 785 3551 817 3604; x_wconf 90' lang='lat' dir='ltr'><strong>ut</strong></span> <span class='ocrx_word' id='word_1_295' title='bbox 832 3544 951 3604; x_wconf 88' lang='lat' dir='ltr'><strong>verbum</strong></span> <span class='ocrx_word' id='word_1_296' title='bbox 965 3550 1046 3604; x_wconf 91' lang='lat' dir='ltr'><strong>tuum</strong></span> <span class='ocrx_word' id='word_1_297' title='bbox 1060 3544 1099 3602; x_wconf 89' lang='lat' dir='ltr'><strong>sit</strong></span> <span class='ocrx_word' id='word_1_298' title='bbox 1113 3545 1230 3602; x_wconf 88' lang='lat' dir='ltr'><strong>lucerna</strong></span> <span class='ocrx_word' id='word_1_299' title='bbox 1245 3540 1324 3616; x_wconf 88' lang='lat' dir='ltr'><strong>pedi·</strong></span> 
     </span>
     <span class='ocr_line' id='line_1_31' title="bbox 159 3631 1327 3738; baseline -0.005 -28"><span class='ocrx_word' id='word_1_300' title='bbox 159 3650 214 3713; x_wconf 89' lang='lat' dir='ltr'><strong>bus</strong></span> <span class='ocrx_word' id='word_1_301' title='bbox 229 3652 337 3712; x_wconf 87' lang='lat' dir='ltr'><strong>nostris</strong></span> <span class='ocrx_word' id='word_1_302' title='bbox 352 3658 381 3710; x_wconf 90' lang='lat' dir='ltr'><strong>et</strong></span> <span class='ocrx_word' id='word_1_303' title='bbox 395 3667 430 3710; x_wconf 91' lang='lat' dir='ltr'><strong>eo</strong></span> <span class='ocrx_word' id='word_1_304' title='bbox 445 3651 544 3710; x_wconf 82' lang='lat' dir='ltr'><strong>audito</strong></span> <span class='ocrx_word' id='word_1_305' title='bbox 559 3649 725 3724; x_wconf 87' lang='lat' dir='ltr'><strong>perenniter</strong></span> <span class='ocrx_word' id='word_1_306' title='bbox 740 3650 948 3726; x_wconf 86' lang='lat' dir='ltr'><strong>adhaereamus,</strong></span> <span class='ocrx_word' id='word_1_307' title='bbox 963 3650 1049 3724; x_wconf 85' lang='lat' dir='ltr'><strong>idque</strong></span> <span class='ocrx_word' id='word_1_308' title='bbox 1064 3631 1119 3724; x_wconf 81' lang='lat' dir='ltr'><strong>per</strong></span> <span class='ocrx_word' id='word_1_309' title='bbox 1131 3648 1230 3708; x_wconf 85' lang='lat' dir='ltr'><strong>Jesnm</strong></span> <span class='ocrx_word' id='word_1_310' title='bbox 1245 3645 1327 3738; x_wconf 80' lang='lat' dir='ltr'><strong>Chri-</strong></span> 
     </span>
     <span class='ocr_line' id='line_1_32' title="bbox 159 3735 1236 3830; baseline -0.003 -16"><span class='ocrx_word' id='word_1_311' title='bbox 159 3735 396 3816; x_wconf 60' lang='lat' dir='ltr'><strong>stun&#39;dominum</strong></span> <span class='ocrx_word' id='word_1_312' title='bbox 409 3762 548 3816; x_wconf 88' lang='lat' dir='ltr'><strong>nostrum.</strong></span> <span class='ocrx_word' id='word_1_313' title='bbox 571 3755 674 3814; x_wconf 81' lang='lat' dir='ltr'><strong>Amen.</strong></span> <span class='ocrx_word' id='word_1_314' title='bbox 1233 3825 1236 3830; x_wconf 87' lang='lat'>.</span> 
     </span>
     <span class='ocr_line' id='line_1_33' title="bbox 248 3859 1327 3936; baseline -0.006 -15"><span class='ocrx_word' id='word_1_315' title='bbox 248 3861 470 3921; x_wconf 85' lang='lat' dir='ltr'><strong>Revertentibus</strong></span> <span class='ocrx_word' id='word_1_316' title='bbox 485 3861 567 3936; x_wconf 87' lang='lat' dir='ltr'><strong>nobis</strong></span> <span class='ocrx_word' id='word_1_317' title='bbox 583 3878 599 3920; x_wconf 92' lang='lat' dir='ltr'><strong>e</strong></span> <span class='ocrx_word' id='word_1_318' title='bbox 614 3861 720 3935; x_wconf 89' lang='lat' dir='ltr'><strong>templo</strong></span> <span class='ocrx_word' id='word_1_319' title='bbox 736 3861 870 3919; x_wconf 91' lang='lat' dir='ltr'><strong>Liborins</strong></span> <span class='ocrx_word' id='word_1_320' title='bbox 885 3860 999 3920; x_wconf 86' lang='lat' dir='ltr'><strong>obv-iam</strong></span> <span class='ocrx_word' id='word_1_321' title='bbox 1019 3859 1060 3919; x_wconf 91' lang='lat' dir='ltr'><strong>fit.</strong></span> <span class='ocrx_word' id='word_1_322' title='bbox 1092 3860 1327 3918; x_wconf 84' lang='lat' dir='ltr'><strong>Statueramau-</strong></span> 
     </span>
     <span class='ocr_line' id='line_1_34' title="bbox 160 3963 1329 4039; baseline -0.005 -15"><span class='ocrx_word' id='word_1_323' title='bbox 160 3972 218 4039; x_wconf 77' lang='lat' dir='ltr'><strong>tem</strong></span> <span class='ocrx_word' id='word_1_324' title='bbox 231 3963 453 4026; x_wconf 69' lang='lat' dir='ltr'><strong>attrebatensem</strong></span> <span class='ocrx_word' id='word_1_325' title='bbox 467 3965 562 4039; x_wconf 86' lang='lat' dir='ltr'><strong>adire,</strong></span> <span class='ocrx_word' id='word_1_326' title='bbox 586 3966 714 4025; x_wconf 89' lang='lat' dir='ltr'><strong>sedtum</strong></span> <span class='ocrx_word' id='word_1_327' title='bbox 729 3966 879 4025; x_wconf 89' lang='lat' dir='ltr'><strong>consilium</strong></span> <span class='ocrx_word' id='word_1_328' title='bbox 893 3965 1002 4024; x_wconf 89' lang='lat' dir='ltr'><strong>Liborii</strong></span> <span class='ocrx_word' id='word_1_329' title='bbox 1018 3969 1048 4022; x_wconf 89' lang='lat' dir='ltr'><strong>et</strong></span> <span class='ocrx_word' id='word_1_330' title='bbox 1057 3963 1144 4036; x_wconf 28' lang='lat' dir='ltr'><strong>‘qnod</strong></span> <span class='ocrx_word' id='word_1_331' title='bbox 1164 3963 1276 4036; x_wconf 79' lang='lat' dir='ltr'><strong>Viglius</strong></span> <span class='ocrx_word' id='word_1_332' title='bbox 1299 3963 1329 4018; x_wconf 90' lang='lat' dir='ltr'><strong>in</strong></span> 
     </span>
     <span class='ocr_line' id='line_1_35' title="bbox 161 4061 1329 4147; baseline -0.009 -15"><span class='ocrx_word' id='word_1_333' title='bbox 161 4073 261 4132; x_wconf 90' lang='lat' dir='ltr'><strong>eadem</strong></span> <span class='ocrx_word' id='word_1_334' title='bbox 275 4073 371 4147; x_wconf 88' lang='lat' dir='ltr'><strong>platea</strong></span> <span class='ocrx_word' id='word_1_335' title='bbox 385 4073 562 4130; x_wconf 87' lang='lat' dir='ltr'><strong>mansionem</strong></span> <span class='ocrx_word' id='word_1_336' title='bbox 578 4087 658 4130; x_wconf 89' lang='lat' dir='ltr'><strong>suam</strong></span> <span class='ocrx_word' id='word_1_337' title='bbox 673 4072 792 4145; x_wconf 88' lang='lat' dir='ltr'><strong>babeat,</strong></span> <span class='ocrx_word' id='word_1_338' title='bbox 814 4061 927 4130; x_wconf 84' lang='lat' dir='ltr'><strong>secutus</strong></span> <span class='ocrx_word' id='word_1_339' title='bbox 942 4085 976 4128; x_wconf 87' lang='lat' dir='ltr'><strong>ac</strong></span> <span class='ocrx_word' id='word_1_340' title='bbox 992 4072 1153 4142; x_wconf 90' lang='lat' dir='ltr'><strong>opportune</strong></span> <span class='ocrx_word' id='word_1_341' title='bbox 1168 4066 1279 4139; x_wconf 75' lang='lat' dir='ltr'><strong>Viplius</strong></span> <span class='ocrx_word' id='word_1_342' title='bbox 1295 4081 1329 4124; x_wconf 93' lang='lat' dir='ltr'><strong>ac</strong></span> 
     </span>
     <span class='ocr_line' id='line_1_36' title="bbox 161 4172 1331 4250; baseline -0.007 -14"><span class='ocrx_word' id='word_1_343' title='bbox 161 4177 263 4236; x_wconf 87' lang='lat' dir='ltr'><strong>Seldus</strong></span> <span class='ocrx_word' id='word_1_344' title='bbox 285 4183 432 4238; x_wconf 83' lang='lat' dir='ltr'><strong>anaante</strong></span> <span class='ocrx_word' id='word_1_345' title='bbox 454 4177 669 4250; x_wconf 87' lang='lat' dir='ltr'><strong>hibernaculum</strong></span> <span class='ocrx_word' id='word_1_346' title='bbox 696 4176 779 4235; x_wconf 90' lang='lat' dir='ltr'><strong>nobis</strong></span> <span class='ocrx_word' id='word_1_347' title='bbox 801 4174 914 4250; x_wconf 84' lang='lat' dir='ltr'><strong>obviam</strong></span> <span class='ocrx_word' id='word_1_348' title='bbox 937 4173 1063 4232; x_wconf 89' lang='lat' dir='ltr'><strong>veniunt.</strong></span> <span class='ocrx_word' id='word_1_349' title='bbox 1102 4172 1160 4230; x_wconf 90' lang='lat' dir='ltr'><strong>Per</strong></span> <span class='ocrx_word' id='word_1_350' title='bbox 1182 4172 1331 4232; x_wconf 91' lang='lat' dir='ltr'><strong>Liborium</strong></span> 
     </span>
     <span class='ocr_line' id='line_1_37' title="bbox 160 4277 1332 4356; baseline -0.007 -15"><span class='ocrx_word' id='word_1_351' title='bbox 160 4287 258 4342; x_wconf 86' lang='lat' dir='ltr'><strong>auteur</strong></span> <span class='ocrx_word' id='word_1_352' title='bbox 272 4283 357 4356; x_wconf 86' lang='lat' dir='ltr'><strong>petii,</strong></span> <span class='ocrx_word' id='word_1_353' title='bbox 381 4283 449 4355; x_wconf 90' lang='lat' dir='ltr'><strong>quia</strong></span> <span class='ocrx_word' id='word_1_354' title='bbox 462 4283 599 4342; x_wconf 90' lang='lat' dir='ltr'><strong>hesterno</strong></span> <span class='ocrx_word' id='word_1_355' title='bbox 614 4282 714 4341; x_wconf 86' lang='lat' dir='ltr'><strong>dicad</strong></span> <span class='ocrx_word' id='word_1_356' title='bbox 728 4282 818 4355; x_wconf 90' lang='lat' dir='ltr'><strong>pedes</strong></span> <span class='ocrx_word' id='word_1_357' title='bbox 833 4281 949 4343; x_wconf 84' lang='lat' dir='ltr'><strong>casaris</strong></span> <span class='ocrx_word' id='word_1_358' title='bbox 966 4294 1012 4336; x_wconf 87' lang='lat' dir='ltr'><strong>me</strong></span> <span class='ocrx_word' id='word_1_359' title='bbox 1032 4277 1230 4351; x_wconf 79' lang='lat' dir='ltr'><strong>conjecissem,</strong></span> <span class='ocrx_word' id='word_1_360' title='bbox 1254 4291 1332 4334; x_wconf 90' lang='lat' dir='ltr'><strong>nunc</strong></span> 
     </span>
     <span class='ocr_line' id='line_1_38' title="bbox 160 4368 1332 4472; baseline -0.007 -27"><span class='ocrx_word' id='word_1_361' title='bbox 160 4400 226 4445; x_wconf 90' lang='lat' dir='ltr'><strong>eum</strong></span> <span class='ocrx_word' id='word_1_362' title='bbox 241 4387 309 4446; x_wconf 85' lang='lat' dir='ltr'><strong>milri</strong></span> <span class='ocrx_word' id='word_1_363' title='bbox 323 4385 451 4446; x_wconf 83' lang='lat' dir='ltr'><strong>favorem</strong></span> <span class='ocrx_word' id='word_1_364' title='bbox 466 4393 618 4466; x_wconf 78' lang='lat' dir='ltr'><strong>praestare,</strong></span> <span class='ocrx_word' id='word_1_365' title='bbox 643 4391 676 4445; x_wconf 92' lang='lat' dir='ltr'><strong>ut</strong></span> <span class='ocrx_word' id='word_1_366' title='bbox 695 4387 801 4446; x_wconf 82' lang='lat' dir='ltr'><strong>littera</strong></span> <span class='ocrx_word' id='word_1_367' title='bbox 821 4368 1009 4446; x_wconf 88' lang='lat' dir='ltr'><strong>absolutionis</strong></span> <span class='ocrx_word' id='word_1_368' title='bbox 1031 4370 1281 4472; x_wconf 82' lang='lat' dir='ltr'><strong>conscriberentur</strong></span> <span class='ocrx_word' id='word_1_369' title='bbox 1301 4385 1332 4439; x_wconf 89' lang='lat' dir='ltr'><strong>et</strong></span> 
     </span>
     <span class='ocr_line' id='line_1_39' title="bbox 159 4474 1330 4566; baseline -0.01 -14"><span class='ocrx_word' id='word_1_370' title='bbox 159 4491 357 4552; x_wconf 75' lang='lat' dir='ltr'><strong>isardculnsi</strong></span> <span class='ocrx_word' id='word_1_371' title='bbox 379 4492 463 4566; x_wconf 77' lang='lat' dir='ltr'><strong>Quod</strong></span> <span class='ocrx_word' id='word_1_372' title='bbox 474 4495 535 4566; x_wconf 88' lang='lat' dir='ltr'><strong>jam</strong></span> <span class='ocrx_word' id='word_1_373' title='bbox 550 4510 568 4552; x_wconf 91' lang='lat' dir='ltr'><strong>a</strong></span> <span class='ocrx_word' id='word_1_374' title='bbox 581 4507 710 4550; x_wconf 74' lang='lat' dir='ltr'><strong>caesarem</strong></span> <span class='ocrx_word' id='word_1_375' title='bbox 730 4492 882 4565; x_wconf 83' lang='lat' dir='ltr'><strong>majestate</strong></span> <span class='ocrx_word' id='word_1_376' title='bbox 902 4493 1035 4566; x_wconf 87' lang='lat' dir='ltr'><strong>acceptus</strong></span> <span class='ocrx_word' id='word_1_377' title='bbox 1057 4489 1126 4564; x_wconf 88' lang='lat' dir='ltr'><strong>sim,</strong></span> <span class='ocrx_word' id='word_1_378' title='bbox 1143 4491 1180 4548; x_wconf 85' lang='lat' dir='ltr'><strong>et</strong></span> <span class='ocrx_word' id='word_1_379' title='bbox 1201 4474 1279 4564; x_wconf 72' lang='lat' dir='ltr'><strong>quod</strong></span> <span class='ocrx_word' id='word_1_380' title='bbox 1300 4484 1330 4558; x_wconf 90' lang='lat' dir='ltr'><strong>ii,</strong></span> 
     </span>
     <span class='ocr_line' id='line_1_40' title="bbox 187 4595 1118 4664; baseline -0.012 -1"><span class='ocrx_word' id='word_1_381' title='bbox 187 4617 305 4664; x_wconf 69' lang='lat' dir='ltr'><strong>unsar.</strong></span> <span class='ocrx_word' id='word_1_382' title='bbox 1078 4595 1118 4652; x_wconf 85' lang='lat'><strong>13</strong></span> 
     </span>
    </p>
   </div>
   <div class='ocr_carea' id='block_1_3' title="bbox 0 0 1516 5225">
    <p class='ocr_par' dir='ltr' id='par_1_3' title="bbox 0 0 1516 5225">
     <span class='ocr_line' id='line_1_41' title="bbox 0 0 1516 5225; baseline 0 0"><span class='ocrx_word' id='word_1_383' title='bbox 0 0 1516 5225; x_wconf 95' lang='lat' dir='ltr'><strong> </strong></span> 
     </span>
    </p>
   </div>
  </div>
 </body>
</html>
