3017 5225
759 435 829 505 ‘92'

215 625 359 686 dominum
383 623 526 684 constanti
540 623 638 682 animo
653 619 798 681 confessus
814 621 861 695 sit,
877 623 945 696 quin
960 628 990 680 ct
1000 618 1128 695 crucifigi
1141 611 1241 694 uoluit,
1257 618 1385 681 faciead

210 735 320 790 terram
335 707 420 788 versa
434 734 488 788 etc.
512 727 652 800 Quodque
667 727 777 799 absque
799 727 843 785 hls
866 728 964 799 donis,
990 733 1054 800 qum
1070 725 1201 786 Christus
1220 726 1386 787 hominibus

209 835 305 909 dedit,
330 835 401 893 nihil
415 849 579 907 possemus,
605 833 733 904 allegans
757 833 897 903 psalmum
906 819 970 905 cs,
995 833 1085 891 multa
1100 830 1239 906 ejusmodi
1253 831 1339 890 docta
1352 837 1384 890 et
1437 862 1440 867 ·

209 940 364 998 christiana
378 938 561 1012 simplicitate
573 936 686 996 docens.
711 936 785 994 Nam
800 941 906 1009 praeter
918 937 998 1014 (raro
1014 938 1079 995 huic
1094 931 1224 997 concioni
1238 935 1382 1012 interfuit)

208 1044 284 1102 cives
298 1043 399 1102 domus
415 1040 547 1101 familias.
580 1055 591 1063 ⁸
610 1063 613 1069 ·
1212 1023 1217 1030 ’

297 1147 367 1206 Cum
383 1146 502 1206 Liborio
517 1145 587 1203 nihil
601 1146 637 1205 de
652 1148 737 1220 equis'
749 1145 930 1207 remittendis
942 1147 993 1219 agi
1008 1147 1112 1221 potuit.

296 1253 407 1312 Eadem
429 1251 593 1310 sollicitatio
616 1251 693 1324 apud
708 1235 928 1311 Atrebatensem
949 1248 1126 1323 intermissa,
1151 1266 1204 1309 nec
1223 1251 1382 1312 Nassavius

207 1365 275 1418 ante
290 1357 438 1417 meridiem
453 1357 599 1415 conveniri
615 1358 728 1446 potuit,
751 1373 786 1416 co
808 1355 885 1428 quod
905 1355 1135 1430 archiepiscopus
1155 1355 1333 1416 Coloniensis
1353 1363 1383 1416 et
1493 1351 1494 1412 3

207 1464 268 1538 ipse
292 1462 328 1520 de
352 1460 536 1520 resarcienda
559 1448 713 1539 concordia
732 1457 856 1534 filiorum
873 1448 1006 1520 Otthonis
1030 1461 1065 1521 de
1083 1461 1231 1535 Rethberg
1251 1465 1380 1535 agerent.

201 1567 326 1626 ‘Otthoni
341 1571 436 1624 autem
451 1566 508 1624 duo
519 1571 676 1639 supersunt
689 1565 750 1639 lilii,
774 1572 844 1624 natu
859 1569 950 1640 major
967 1565 1053 1625 Ottho
1070 1566 1176 1639 etipse
1191 1568 1315 1640 nomine,
1333 1583 1382 1626 na·

207 1678 254 1730 tus
274 1678 368 1730 matre
394 1687 410 1728 e
431 1671 526 1743 stirpe
541 1671 675 1729 consitum
695 1671 732 1730 de
758 1670 849 1743 Seyn,
874 1675 904 1728 et
922 1670 1048 1728 loannes
1069 1668 1144 1728 lilius
1164 1671 1270 1730 sororis
1288 1663 1380 1738 'donui-

196 1785 309 1834 ‘norum
324 1775 498 1848 Frisiorum,
522 1791 593 1847 quos
607 1774 736 1834 luncher
752 1775 895 1834 Omekens
911 1791 991 1833 soene
1007 1774 1165 1850 (iasparum
1179 1772 1381 1836 Balthasarum

207 1886 237 1940 et
252 1880 395 1939 Simonem
412 1880 568 1939 nominant.
1156 1881 1166 1894 '
1251 1879 1255 1882 ’

271 1969 274 1975 ’
296 1983 401 2046 Petrus
423 1985 587 2044 a'Denstad
608 1983 714 2045 loanni
735 1983 884 2043 Friderico
908 1984 973 2042 duci
994 1984 1110 2044 electori
1130 1991 1183 2044 etc.
1208 1985 1255 2044 hic
1276 1999 1380 2044 aerum-

206 2107 309 2164 narum
323 2108 440 2151 suarum
456 2093 549 2150 soclus
564 2097 594 2150 et
610 2108 629 2150 a
643 2089 763 2163 dapibus
779 2087 907 2147 ferendis
923 2095 975 2147 est.
1367 2071 1373 2078 ⁶

294 2197 413 2271 Lanius,
430 2214 448 2255 a
462 2204 520 2270 quo
535 2197 626 2255 nostri
640 2211 741 2253 carnes
757 2194 919 2254 esculentas
931 2194 1146 2269 comparabant,
1162 2184 1269 2269 scripto
1284 2201 1317 2254 ut
1330 2212 1379 2255 vo·

205 2302 311 2362 cabant
334 2302 550 2375 supplicationis
574 2300 691 2358 comites
706 2316 725 2357 a
739 2299 880 2357 Waldeck
904 2301 1029 2392 rogavit,
1055 2305 1087 2358 ut
1105 2317 1161 2372 pro
1176 2299 1265 2360 fratre
1282 2297 1379 2374 ipsius,

168 2441 173 2448 =
205 2409 302 2467 nescio
318 2407 355 2466 ob
370 2406 447 2478 quod
462 2405 640 2464 commissum
656 2404 735 2493 apud
750 2404 1032 2477 consulesAugustae
1047 2405 1275 2477 intercederent·;
1292 2422 1379 2480 nego·
1493 2421 1494 2484 3

205 2513 277 2570 tium
291 2511 346 2569 hoc
360 2510 468 2569 Joanni
482 2509 613 2566 Hakoet
630 2508 714 2567 Josto
731 2507 917 2568 Colmachero
934 2509 1092 2581 injunctum
1108 2515 1160 2567 est.

295 2616 434 2675 Dominus
451 2616 486 2675 de
501 2614 685 2678 Brahantzou
707 2615 821 2672 heri'ex
843 2614 1002 2674 Brabantia
1022 2614 1172 2673 advenisse
1190 2615 1307 2690 dicitur,
1331 2618 1380 2690 qui

206 2723 284 2781 intra
300 2723 426 2796 quinque
441 2720 501 2779 dies
516 2737 535 2779 a
549 2720 682 2778 Brosella
696 2718 861 2777 Brahantiae
873 2718 1031 2792 Augustam
1046 2714 1228 2792 adequitasse
1242 2718 1379 2781 creditur.

204 2823 314 2886 Eadem
329 2822 447 2885 Garolns
463 2842 481 2885 a
497 2825 621 2900 Stoclren
636 2824 782 2883 nobiscum
799 2840 921 2909 pransus
937 2832 990 2883 est.
1047 2828 1052 2833 ’
1203 2803 1208 2807 ’

293 2932 320 2989 0
336 2930 448 2990 domine
463 2930 543 3003 Jesu,
560 2930 627 3002 quia
642 2930 775 2987 immotus
790 2944 883 2986 sermo
901 2930 1031 2989 veritatis
1046 2936 1103 2989 tuae
1119 2936 1277 3004 permanet,
1295 2946 1378 3003 quem

205 3035 352 3109 discipulis
367 3037 424 3094 tuis
439 3036 550 3093 locutus
565 3050 610 3108 es,
628 3034 740 3093 dicens:
763 3033 851 3092 «Sine
866 3049 911 3091 me
927 3035 997 3092 rdhil
1012 3024 1130 3107 potestis
1145 3032 1271 3110 lacere»
1289 3038 1379 3109 quare

202 3141 262 3214 jam
281 3144 342 3197 tum
361 3141 391 3197 in
415 3145 511 3198 monte
531 3141 630 3200 oliveti
649 3138 738 3199 coelos
763 3125 931 3197 ascensurus
948 3153 991 3197 'ex
1009 3140 1105 3200 divina
1125 3146 1177 3201 tua
1199 3144 1378 3214 prescientia

204 3261 253 3333 cos
268 3246 502 3318 caverejnssisti,
519 3260 554 3303 ne
570 3246 607 3330 ab
624 3245 833 3317 Hierosolymis
848 3244 1037 3317 discederent,
1048 3238 1206 3320 'antequam
1221 3248 1327 3307 virtute
1343 3225 1394 3331 exj

203 3352 263 3409 alto
282 3350 490 3423 induerentur,
519 3329 697 3424 agnoscimus
718 3350 905 3423 cogitationes
927 3356 1040 3410 nostras
1061 3348 1157 3410 futiles
1183 3358 1212 3411 et
1231 3352 1375 3426 evanidas,

202 3448 347 3536 emarcida
367 3431 481 3527 quoqne
502 3460 530 3515 et
551 3471 615 3528 quae
636 3456 759 3514 stultitia
781 3434 912 3513 humanae
937 3454 1072 3514 vanitatis
1097 3456 1179 3515 nobis
1204 3443 1376 3517 somniamus

203 3574 301 3633 opera.
325 3559 367 3617 Te
381 3561 479 3632 igitur,
495 3560 642 3616 mitissime
657 3575 709 3617 rex
724 3563 753 3616 et
768 3560 904 3633 salvator,
913 3560 983 3631 ·j‘am
1008 3564 1263 3635 postassumptam
1277 3562 1374 3621 hu'ma·

202 3663 321 3723 nitatem
342 3655 548 3722 deum.vernm
568 3671 598 3721 et
616 3645 768 3721 hominem
781 3662 818 3721 ad
841 3665 990 3723 dexteram
1003 3664 1059 3723 Dei
1074 3667 1165 3739 patris
1184 3666 1332 3727 sedentem
1348 3673 1376 3726 et

202 3769 372 3841 regnantem
386 3763 587 3840 deprecamur,
608 3773 640 3824 ut
655 3753 758 3839 spiritu
773 3772 823 3825 tuo
838 3767 913 3826 bono
928 3768 1010 3827 nohis
1021 3790 1023 3795 ·
1034 3768 1148 3845 adesse,
1163 3760 1221 3843 dui
1236 3788 1375 3845 nusquam

194 3888 260 3929 non
275 3887 316 3944 es,
340 3871 411 3929 velis
427 3878 457 3929 et
471 3858 559 3929 corda
574 3878 674 3931 nostra
688 3873 796 3931 virtute
809 3873 920 3931 exalto
935 3874 1071 3949 induere,
1093 3882 1126 3934 ut
1139 3880 1168 3935 te
1185 3858 1273 3949 digna
1288 3876 1346 3935 eti
1363 3908 1374 3919 ·

203 3986 275 4058 cere,
284 3981 318 4033 et*
328 3977 455 4049 cogitare
471 3975 732 4053 valeamus-idque
747 3955 805 4051 per
814 3968 1042 4056 tuammetipsam
1057 3981 1222 4055 bonitatem,
1240 3982 1289 4055 qui
1304 3984 1375 4041 vivis

202 4086 231 4139 et
253 4061 358 4154 regnas
385 4096 448 4155 cum
474 4080 538 4141 Deo
561 4087 643 4154 patre
669 4088 698 4142 et
722 4099 805 4143 sacro
833 4089 985 4159 pneumate
1012 4076 1082 4144 dens
1110 4074 1203 4143 trinus
1226 4091 1270 4145 est
1292 4098 1373 4149 unus,

204 4184 306 4243 Amen.
975 4197 979 4202 ’

224 4273 232 4291 ’
291 4290 432 4384 Quoniam
447 4306 522 4365 vana
536 4308 601 4373 spes
616 4292 653 4350 ab
665 4292 788 4366 homine,
805 4290 958 4352 fortissime
968 4268 1081 4354 Christe
1090 4264 1185 4355 Schilo
1199 4302 1232 4355 tu
1247 4302 1374 4356 nostram

202 4411 318 4454 causam
332 4410 396 4474 age.
1044 4405 1048 4415 ¹
1178 4410 1182 4419 ‘

252 4471 256 4483 ,
290 4489 408 4559 Eadem
421 4501 497 4559 inter
519 4497 636 4562 tertiam
656 4507 687 4559 et
708 4506 840 4576 quartam
862 4504 1086 4576 pomeridianam
1108 4504 1195 4565 horas
1211 4505 1309 4574 Gaesm
1323 4524 1375 4584 per
1493 4474 1494 4489 ἵ
