3017 5225
748 469 816 553 aas

189 652 299 711 murale
313 652 427 726 duplex.
465 651 569 711 Habet
577 657 606 711 et
620 648 726 711 fossam
743 645 869 711 castrum
884 649 1121 725 circumdantem,
1146 651 1177 710 in
1192 666 1252 725 qua
1266 664 1367 712 carcer

188 759 351 816 teterrimus
367 774 404 817 ex
417 774 489 831 rupe
505 756 616 815 excisus
633 763 662 815 et
676 762 781 831 puteus
796 753 1000 831 profunditatis
1015 754 1206 830 incredibilis,
1229 756 1269 815 ad
1284 755 1366 829 cuius

190 874 270 921 oram
285 879 349 923 cum
364 863 483 923 abietini
498 878 610 945 asseres
625 862 711 935 positi
727 864 831 937 essent,
847 859 1003 921 Anasmna
1017 861 1068 919 uni
1080 861 1183 920 horum
1198 860 1366 921 incumbens

190 976 257 1029 ante
278 950 425 1029 biennium
448 975 512 1025 cum
534 968 613 1039 putei
635 964 864 1039 profunditatem
881 966 1055 1050 intueretur¹
1067 966 1216 1040 subsedit,
1238 967 1294 1025 nisi
1309 981 1366 1039 ope

190 1074 288 1159 divina
302 1078 450 1133 asservata
464 1071 566 1133 fuisset
579 1072 621 1131 ita
641 1076 673 1131 ut
687 1088 706 1133 a
720 1062 930 1153 Levensteinio
945 1091 964 1133 a
978 1072 1062 1132 Rhen
1082 1090 1168 1133 manu
1182 1071 1366 1150 apprehensa

190 1178 394 1252 attraheretur,
410 1179 441 1237 in
455 1177 604 1237 baratrum
618 1177 674 1237 hoc
688 1177 826 1250 absorpta
839 1176 950 1238 fnisset.
982 1177 1067 1251 Nunc
1081 1193 1196 1251 quoque
1210 1193 1264 1239 arx
1278 1175 1364 1235 undi-

191 1300 247 1356 que
262 1284 375 1343 ruinam
389 1283 523 1360 minatur,
540 1260 642 1359 saunis,
659 1281 885 1346 nocticoracinus
901 1286 931 1341 et
944 1280 1106 1344 bubonibus
1120 1281 1275 1355 hospitium
1287 1297 1363 1354 prae·

189 1388 247 1447 bet.
287 1387 448 1463 Proventus
468 1404 537 1447 vero
553 1386 774 1447 Rudelstadium
796 1388 910 1447 cedunt.
948 1387 1026 1447 Nam
1042 1380 1264 1461 Blanckenburg
1278 1402 1363 1459 aequo

189 1490 251 1551 iere
267 1495 362 1565 spacio
378 1510 396 1551 a
412 1492 648 1567 Schwartzburgo
665 1497 694 1551 et
708 1492 896 1576 Rudelstadio
912 1492 1009 1567 distat,
1024 1492 1133 1552 scilicet
1146 1492 1251 1550 miliari
1265 1506 1331 1551 uno.

280 1596 420 1671 Tempore
445 1598 596 1659 vindemiae
619 1596 777 1671 *praelectus
805 1596 987 1657 Rudelstadii
1008 1598 1040 1658 in
1059 1585 1148 1657 'domo
1170 1597 1309 1656 torculari
1329 1611 1363 1655 se

184 1704 326 1771 continet.
380 1704 483 1763 Fuisse
514 1708 610 1763 autem
625 1701 755 1779 potandi
784 1702 908 1761 studium
935 1704 966 1762 in
987 1703 1148 1770 veteribus,x
1155 1702 1303 1774 comitibus
1325 1700 1363 1761 de

190 1806 424 1883 Schwartzburg,
450 1814 483 1867 ut
501 1807 562 1867 sere
585 1807 716 1867 omnibus
737 1805 888 1876 Germanis
903 1808 1049 1884 peculiare
1063 1806 1131 1884 fnit,
1156 1815 1186 1869 et
1203 1808 1362 1883 hocargu·

189 1921 286 1979 mento
301 1916 501 1991 cognovimus,
536 1916 613 1989 quod
627 1916 764 1974 torculari
785 1919 917 1975 truncum
931 1913 1058 1987 ligneum
1071 1916 1114 1974 ita
1129 1919 1305 1990 excavatum,
1328 1921 1364 1975 ut

189 2020 315 2079 humeris
331 2004 563 2095 hominisaptari
578 2013 677 2096 possit,
691 2020 763 2094 justi
777 2019 912 2093 ponderis
928 2024 958 2097 et
972 2035 1009 2077 ex
1023 2027 1126 2079 catena
1140 2019 1236 2079 ferrea
1253 2020 1360 2095 depen-

193 2126 307 2189 dentem
321 2127 450 2187 vidimus.
496 2108 572 2185 Usus
587 2131 683 2186 sutem
697 2128 783 2199 huius
798 2125 892 2185 trunci
907 2131 959 2198 est,
980 2130 1012 2183 ut
1028 2126 1078 2198 qui
1092 2125 1132 2195 ad
1146 2125 1272 2201 aquales
1287 2122 1360 2181 heu·

189 2237 249 2290 stus
268 2231 367 2291 bibere
386 2232 518 2305 voluerit,
541 2232 626 2305 hujus
649 2233 722 2291 collo
742 2212 945 2306 appendaturs
971 2230 1067 2303 Ipsam
1086 2245 1182 2289 arcem
1202 2228 1240 2287 ob
1262 2229 1360 2303 poufis

188 2336 285 2398 trabes
301 2336 378 2395 tabie
400 2352 531 2395 corrosos
551 2336 661 2396 intrare
676 2352 733 2395 non
747 2336 837 2395 licuit.
875 2335 951 2415 Dum
972 2335 1061 2409 igitur
1075 2335 1163 2406 situm
1175 2317 1250 2395 arcis
1265 2316 1359 2395 consi-

189 2440 335 2514 deramus,
359 2434 587 2520 ienitAlbe'rtus
602 2440 734 2499 Piscator
745 2440 837 2513 jndex
851 2442 881 2499 in
895 2440 1101 2514 Blankenburg
1115 2441 1228 2499 nomine
1243 2445 1359 2499 senatus

188 2542 485 2626 Blanokenburgensis
500 2560 605 2620 rogans
620 2548 652 2604 ut
667 2562 730 2605 cum
748 2561 838 2604 uxore
853 2545 954 2605 urbem
968 2545 1080 2620 ingredi
1094 2524 1286 2621 damnemur,
1302 2560 1360 2620 qno

189 2649 251 2722 ejus
267 2657 296 2709 et
310 2651 401 2710 noemi
421 2652 552 2710 nonnam
570 2651 678 2712 habere
700 2657 729 2712 et
752 2654 819 2712 vino
834 2668 887 2710 nos
901 2652 1045 2713 honorare
1059 2655 1186 2726 possent.
1225 2638 1359 2722 Quamvis

190 2769 266 2828 aegre
286 2757 527 2831 consenserimus,
555 2763 650 2817 tamen
665 2759 769 2816 civium
783 2757 989 2824 humanitatem
1003 2757 1171 2818 incivilitate
1185 2748 1360 2822 nostra‘noa

189 2859 365 2927 obruendam
379 2864 437 2921 rati
457 2879 509 2935 per
533 2862 764 2941 declive'montis
783 2860 986 2927 descendentes
1000 2861 1090 2935 pedes
1104 2858 1359 2920 urbem'intramus

187 2968 268 3022 recta
288 2964 402 3024 domum
421 2965 534 3024 Alberti
557 2967 712 3026 Piscatoris
734 2967 884 3041 adeuntes,
907 2966 956 3026 ubi
967 2968 1028 3041 jam
1042 2971 1103 3026 tum
1116 2967 1147 3025 in
1162 2967 1255 3026 medio
1270 2952 1359 3024 curie

188 3068 240 3127 sub
255 3068 302 3128 dio
317 3085 422 3134 mensae
444 3073 545 3146 positae
566 3075 658 3130 erant.
678 3123 681 3131 ,
698 3052 829 3130 saluata
848 3071 936 3145 igitur
956 3087 1046 3134 uxore
1065 3076 1094 3131 et
1114 3071 1213 3131 liberis
1233 3072 1295 3147 ejus
1310 3072 1359 3136 vix

186 3175 424 3249 consedebamus,
446 3177 515 3250 quin
534 3177 705 3236 secretarius
714 3185 718 3193 ‘
727 3175 808 3235 urbis
821 3192 886 3235 cum
899 3178 990 3258 altero
1006 3176 1153 3236 consulum
1168 3177 1281 3239 adesset
1290 3174 1360 3235 ,feli-

188 3295 249 3342 cem
271 3286 400 3342 nostrum
418 3283 574 3342 adventum
598 3278 662 3342 fore
680 3286 845 3362 precantes,
871 3268 1058 3357 propinantes
1081 3283 1148 3347 vina
1171 3289 1201 3343 et
1222 3259 1359 3356 quicquid

186 3386 261 3459 apud
275 3387 352 3462 ipsos
367 3378 538 3462 insumptari
552 3405 698 3463 essemus,
723 3394 866 3463 praeterea
887 3392 917 3446 et
931 3404 984 3447 sua
998 3386 1094 3448 officia
1109 3386 1281 3475 deferentes.
1304 3387 1356 3446 Al·

181 3491 284 3582 bertus
298 3494 429 3554 Piscator
443 3494 569 3554 variolos
584 3497 675 3567 pisces
692 3495 809 3568 opipare
825 3497 951 3553 coxerat.
991 3493 1133 3553 Jnssmus
1148 3493 1238 3567 igitur
1252 3507 1355 3575 consu·

183 3595 241 3654 lem
257 3599 286 3652 et
300 3613 366 3655 suos
381 3599 505 3657 asseclas
525 3598 652 3666 assidere
674 3615 708 3658 cc
730 3601 792 3658 sitis
806 3600 971 3673 laetitiaeque
992 3604 1136 3659 crateram
1149 3599 1270 3676 invicem
1285 3595 1358 3670 bibi·

185 3715 247 3762 mus
262 3705 396 3760 caventes
412 3717 430 3759 a
445 3703 539 3762 tertio.
577 3703 649 3763 Mox
664 3719 777 3776 quoque
791 3706 987 3780 ludimagister
1008 3708 1037 3764 et
1052 3706 1134 3780 pueri
1149 3691 1284 3777 aderant,
1298 3705 1356 3762 imo

187 3786 216 3862 et
236 3799 384 3865 senatores
406 3808 528 3882 aliquot,
551 3810 663 3868 musica
679 3824 764 3869 aures
788 3816 902 3871 noemae
925 3809 1126 3871 demulcentes.
1164 3810 1204 3870 Et
1224 3807 1359 3891 prolecto

185 3910 281 3968 mirati
295 3928 390 3972 sumus
405 3913 612 3986 humanitatem
626 3915 727 3975 horum
738 3917 852 3989 civium,
868 3917 918 3989 qni
931 3915 1064 3989 ampliori
1074 3915 1145 3975 urbe
1157 3915 1356 4001 digniessent.

182 4013 269 4082 Venit
283 4021 312 4074 et
327 4018 444 4090 qudam
458 4018 607 4100 Andreas,
628 4019 796 4092 quiuxoris
807 4021 884 4084 ,olim
905 4021 1043 4080 nutricius
1064 4018 1160 4102 luerat
1179 4025 1209 4078 st
1220 4024 1356 4100 caestor

182 4121 301 4186 aerarius
314 4116 347 4179 in
363 4123 589 4212 Schwartzburg.
629 4123 735 4201 Consul
759 4125 886 4184 Joannes
909 4125 994 4199 Hack
1016 4124 1130 4184 diversa
1144 4125 1227 4187 nobis
1243 4111 1355 4211 delor-

181 4227 252 4281 tuna
266 4214 296 4282 et
315 4223 375 4284 fato
396 4229 549 4288 civitatula
569 4227 653 4302 hujus
674 4235 703 4291 ct
727 4229 806 4302 quod
826 4236 932 4304 praeter
951 4228 1114 4289 incendium
1134 4228 1245 4304 grando
1263 4229 1358 4292 semel

181 4333 267 4402 atque
287 4330 391 4388 iterum
413 4335 524 4404 segetes
540 4334 730 4408 concusserit,
746 4335 854 4394 retulit.
882 4334 973 4403 'Idem
996 4313 1074 4407 quod
1088 4333 1187 4409 oppidi
1200 4326 1303 4394 incolae
1319 4348 1357 4394 ex

180 4416 328 4492 vinearum
344 4439 522 4517 stagnorum
537 4419 650 4494 cultura
666 4438 813 4512 ¹victitent;
833 4445 931 4500 nmen
950 4443 984 4498 ut
997 4444 1100 4520 ceterae
1116 4439 1245 4498 civitates
1259 4438 1356 4500 nullas

180 4538 306 4631 habeant
320 4543 367 4606 vel
381 4541 524 4604 nundinas
539 4541 586 4624 vel
599 4543 826 4627 negotiationes,
849 4544 979 4610 nonnulli
999 4560 1114 4626 quoque
1130 4558 1228 4610 eornm
1243 4561 1280 4608 ex
1293 4545 1356 4628 pisg
