3017 5225
757 396 801 463 39

182 581 222 646 sit
237 580 273 643 de
290 581 382 657 nobis,
398 582 466 657 quta
481 594 550 643 aare
565 584 595 643 et
609 579 703 656 pulvis
718 594 815 639 sumus
828 584 860 640 et
874 580 952 653 quod
966 596 1050 642 nemo
1070 598 1131 643 nou
1144 582 1301 653 uiuentium
1312 585 1360 661 sit,

183 688 234 762 qui
248 689 328 763 rugis
345 688 409 767 (sed
425 687 495 761 quid
510 688 573 749 dico
588 683 704 761 rugini)
727 687 784 745 imo
809 685 906 744 multis
928 685 1062 747 sordibus
1076 702 1134 747 uon
1150 688 1261 748 sitnon
1275 687 1363 749 iuteo·

109 830 115 841 -
182 799 239 868 tus,
263 798 363 853 nostra
387 793 463 855 mala
485 792 674 869 agnoscimus.
713 790 902 863 Quamobrem
923 794 953 850 te
968 792 1146 868 suppliciter,
1168 798 1200 852 ut
1213 781 1360 855 m‘laciem

183 899 256 974 ejus,
272 899 309 960 de
323 915 380 974 quo
395 914 449 975 per
465 914 579 959 seruum
594 903 675 958 tuum
690 895 831 960 Davidem
844 895 982 969 loquutus
991 883 1044 971 es,
1065 897 1159 971 ipsum
1173 915 1237 959 esse
1251 900 1361 975 specio·

183 1004 332 1065 sumimur
342 1002 416 1065 filios
431 1004 575 1067 hominum
586 1003 727 1063 suavitate
740 1003 841 1077 gratie
857 1001 1036 1062 refectaesse
1047 1002 1125 1063 labia
1137 993 1199 1079 sua,
1213 1020 1358 1080 quaprop-

182 1116 229 1171 ter
239 1114 300 1197 ettu
308 1110 388 1169 Deus
401 1108 477 1167 illius
490 1106 663 1170 benedixisti
675 1108 718 1167 illi
727 1108 759 1167 iu
774 1113 914 1169 eternum
929 1115 959 1170 et
971 1110 1080 1188 uuxIsti
1092 1126 1157 1169 eum
1171 1110 1235 1171 oleo
1249 1111 1358 1171 larius

182 1232 244 1292 prae
254 1214 434 1278 centonibus
443 1214 512 1289 suus,
520 1212 698 1275 auferentem
705 1231 794 1289 rugas
801 1219 831 1274 et
837 1213 1046 1275 deformitatem
1052 1219 1238 1288 peccatorum
1246 1222 1359 1277 nosue-

181 1337 247 1381 rum
261 1322 351 1395 ipsius
366 1321 434 1394 agni
449 1321 509 1379 sine
523 1320 635 1379 macula
648 1320 793 1395 respicere
807 1319 933 1395 digneris
943 1321 1140 1396 deprecamur,
1157 1337 1194 1381 uo
1208 1322 1358 1397 permittes

153 1422 156 1425 ’
183 1442 237 1487 uos
251 1426 350 1501 uobis,
374 1426 427 1485 sed
448 1426 479 1483 in
500 1425 556 1483 hoc
576 1423 647 1485 Iesu
670 1422 730 1485 filio
753 1430 804 1487 tuo
824 1426 975 1487 benedicto
995 1442 1093 1487 omnes
1115 1428 1359 1502 transgressiones

182 1534 298 1593 nostras
321 1531 403 1591 uobis
426 1531 589 1605 remittens,
614 1529 665 1589 des
686 1528 789 1607 fidem,
814 1531 864 1591 des
888 1531 1117 1594 emendationem
1137 1533 1204 1591 vita
1228 1549 1359 1593 necnon

182 1630 397 1715 chantatermet
410 1637 654 1710 perseverentiam
668 1651 759 1711 usque
774 1637 811 1697 ad
826 1627 982 1697 extremam
996 1638 1062 1697 vitoe
1077 1643 1184 1698 nostra
1198 1638 1357 1715 periodum,

182 1758 237 1819 per
260 1742 383 1803 eundem
401 1740 556 1803 Dominum
579 1746 710 1801 nostrum
736 1742 837 1803 desum
859 1740 1018 1820 Christum,
1044 1744 1093 1819 qui
1120 1745 1307 1806 tecumnint
1327 1749 1358 1805 et

183 1852 289 1923 regnat
304 1852 358 1907 etc.
849 1856 855 1867 '

273 1938 393 2013 Interim
407 1950 478 2012 illud
492 1952 531 2011 ad
544 1950 621 2011 diem
642 1951 671 2012 d.
688 1949 807 2027 Georgii
830 1954 965 2029 martyris
983 1955 1126 2029 pubIIeari
1141 1956 1280 2033 debebat,
1303 1955 1357 2018 sad

182 2060 299 2120 interim
313 2058 386 2118 nihil
400 2056 442 2117 fit.

271 2164 349 2239 xxvij
365 2163 477 2223 in‘aede'
487 2163 618 2223 Mauritii
633 2162 823 2239 wolfgangus
838 2162 986 2226 Musculus
1000 2166 1186 2225 concionatus
1201 2169 1255 2240 est,
1268 2182 1353 2225 euar-

181 2286 251 2331 raus
270 2270 332 2330 haec
352 2269 454 2351 uerba:
478 2269 531 2329 Ille
553 2285 605 2328 vos
620 2268 734 2329 docebit
755 2271 852 2330 omuIa
871 2275 902 2329 et
915 2247 1050 2345 suggeret
1063 2270 1145 2332 vobis
1166 2273 1272 2346 omnia,
1289 2289 1376 2345 quoe=

179 2375 240 2435 dixi
263 2376 354 2460 uobis,
379 2392 415 2435 ex
430 2392 493 2449 cap.
514 2380 554 2435 14
568 2375 699 2451 Ioannis.
739 2376 774 2435 In
797 2392 919 2449 quorum
941 2377 1098 2437 verborum
1119 2377 1355 2452 explanatiouea

178 2482 235 2556 xxj,
243 2480 353 2557 Aprilis
367 2497 458 2555 usque
472 2482 503 2541 in
525 2482 600 2541 hunc
615 2481 691 2541 diem
709 2483 895 2542 succedaneis
916 2482 1099 2543 concionibus
1120 2484 1248 2557 perstitit
1262 2483 1352 2543 disse·

178 2602 256 2662 rens,
272 2586 357 2662 hunius
380 2585 505 2647 doctorIs
525 2586 686 2649 doctrinam
706 2587 773 2663 plus
795 2588 866 2648 satis
881 2587 920 2648 ad
942 2588 1079 2649 discenda
1092 2589 1198 2664 omma,
1220 2583 1286 2664 qun
1300 2606 1352 2652 no·

177 2697 267 2753 stram
282 2675 312 2751 et
325 2689 411 2752 fidem
427 2697 456 2752 et
470 2678 592 2754 salutem
605 2698 790 2768 concernaut‚
805 2697 878 2753 esse.
911 2691 1072 2769 Sufficiens,
1087 2695 1189 2769 iuquit,
1205 2674 1354 2780 adommin

177 2797 310 2858 doctrina
324 2798 482 2872 apostolica
498 2804 550 2873 est,
575 2802 604 2857 et
625 2799 752 2873 grauiter
777 2806 899 2873 peccuue
913 2800 1077 2872 quicunque
1098 2798 1251 2861 humanam
1265 2817 1354 2875 super

177 2905 255 2964 haue
269 2908 399 2978 struunt,
423 2906 458 2962 nt
480 2919 557 2979 papa
579 2907 609 2962 et
623 2904 668 2962 sui
682 2900 821 2964 hacteuus
836 2902 977 2981 fecerunt.
1015 2905 1088 2964 Item
1103 2920 1191 2979 quam
1204 2905 1276 2964 nibli
1289 2906 1354 2966 sani

178 3011 231 3084 sit,
250 3009 300 3069 ubi
319 3009 481 3095 bicdoctor
503 3026 562 3071 non
586 3010 669 3070 adsit.
709 3011 782 3070 Item
804 3025 888 3082 quam
903 3016 1022 3084 prorsus
1045 3011 1117 3070 nibil
1138 3011 1206 3070 boui
1221 3027 1258 3070 ex
1271 3010 1354 3072 noble

176 3117 249 3201 ipsis
264 3117 392 3190 agamus,
414 3120 549 3188 utquam
569 3117 656 3175 etiam
677 3118 831 3190 corruptus
846 3114 885 3173 sit
902 3112 968 3173 fons
988 3114 1043 3173 iste
1057 3117 1213 3190 memorie,
1236 3117 1294 3175 uisi
1306 3116 1353 3176 bic

177 3221 280 3280 doctor
298 3220 394 3280 omnia
414 3221 603 3296 suggesserit,
628 3220 716 3294 idque
735 3221 859 3294 maxime
882 3235 917 3279 eo
937 3226 1107 3292 argumento
1129 3221 1249 3295 liquere,
1273 3221 1351 3294 quod

175 3327 306 3402 pueruIIs
320 3342 431 3387 summa
446 3326 595 3400 diligentia
615 3328 662 3386 uix
676 3324 800 3400 paucula
818 3323 907 3382 uerba
926 3322 1076 3382 domimcoe
1097 3325 1237 3383 orationis
1257 3326 1350 3385 moul-

178 3447 245 3492 care
260 3447 407 3506 queamus,
424 3438 453 3492 et
468 3415 553 3506 onam
567 3431 648 3490 labili
663 3447 699 3492 ea
712 3421 785 3506 ipsa,
802 3444 866 3502 que
881 3426 1043 3502 didicerim,¹
1062 3429 1201 3518 memoria
1221 3432 1349 3490 teneant.

176 3537 284 3596 Vemm
299 3537 323 3594 si
338 3535 420 3595 uobis
441 3535 517 3596 forte
537 3553 596 3596 uon
616 3535 862 3618 considerantibus
885 3534 956 3610 quid
979 3540 1065 3610 turpe
1080 3537 1132 3594 aut
1144 3533 1272 3594 obscoeni
1286 3550 1348 3595 ser-

177 3641 269 3702 monis
284 3641 466 3701 audientibus
481 3640 609 3716 puerulis
618 3641 766 3716 exciderit,
781 3641 813 3700 id
827 3657 894 3701 mox
907 3640 1016 3717 patulis
1030 3639 1149 3700 auribus
1164 3639 1306 3714 arripiunt
1320 3646 1351 3701 et

176 3745 251 3808 adeo
270 3747 355 3808 avide
376 3749 406 3806 iu
429 3752 540 3808 mentes
564 3748 779 3823 transmIttunt,
803 3753 838 3808 ut
856 3763 965 3808 summa
984 3748 1070 3807 etiam
1092 3745 1212 3808 solertia
1226 3764 1298 3821 opus
1312 3748 1351 3807 sit

175 3853 240 3912 haec
253 3852 310 3912 illis
325 3852 447 3928 eripere.
485 3853 558 3912 Item
573 3869 663 3927 quare
680 3852 810 3914 Christus
826 3853 932 3914 dixerit
950 3854 1020 3912 «lile
1035 3853 1151 3913 docebit
1163 3833 1267 3927 omnia,
1283 3870 1349 3927 qua

175 3957 237 4018 dixi
251 3958 331 4020 uobis
346 3961 376 4016 et
387 3973 445 4017 non
457 3959 553 4033 potius
568 3971 632 4032 quae
647 3956 720 4017 feci»
734 3963 799 4033 etc,
814 3959 961 4021 adducens
975 3973 1066 4031 opera
1075 3956 1182 4020 christi
1195 3956 1272 4018 ncta
1287 3974 1350 4020 esse

176 4080 213 4124 ex
229 4065 397 4139 operatione
412 4065 518 4138 patris,
543 4064 580 4124 ad
595 4081 630 4124 ea
644 4065 683 4125 ad
698 4081 763 4138 quse
784 4065 948 4124 necessaria
963 4068 993 4122 et
1006 4063 1155 4123 commoda
1167 4063 1349 4139 uidebantur,

175 4169 251 4230 sicut
264 4170 395 4244 leprosos
410 4167 569 4250 mundavit,
585 4171 668 4230 cecis
682 4171 775 4232 nisum
789 4146 917 4230 restituit
930 4174 960 4228 et
972 4148 1101 4229 mortuos
1115 4163 1296 4229 resuscitavit
1309 4169 1349 4229 ad

178 4275 268 4336 vitam
278 4279 332 4334 ete.
349 4289 402 4334 nee
416 4290 477 4350 noe,
494 4276 629 4348 ntomnia
638 4273 744 4334 Christi
759 4291 850 4351 opera
862 4275 1014 4347 imitemur,
1029 4274 1131 4349 teneri,
1147 4272 1197 4333 sed
1212 4279 1245 4334 ιιι
1259 4275 1349 4335 uerba

177 4379 240 4453 ejus
262 4381 434 4456 recipiamus
459 4385 488 4440 et
508 4380 546 4440 ad
565 4381 667 4442 horum
689 4386 848 4457 praecepta,
869 4381 954 4458 juxta
968 4380 1086 4464 spirltue
1107 4378 1184 4439 illius
1197 4389 1307 4453 uocem,
1329 4395 1349 4439 a

178 4484 233 4547 deo
247 4489 331 4562 patro
352 4490 382 4545 et
396 4482 455 4545 sulin
480 4485 510 4544 iu
529 4474 585 4546 boc
605 4485 692 4546 misso
712 4477 799 4560 iidem
810 4491 845 4569 et
857 4486 947 4547 uitam
969 4490 1098 4547 uosuam
1111 4485 1272 4561 instituere,
1294 4499 1347 4545 uos
