3017 5225
727 468 775 531 51·

154 650 237 723 gelii
251 654 281 709 et
295 649 365 723 ipsis
381 647 559 731 adhaerentes
576 642 746 721 defendunt,
764 662 958 722 qnaesemper
972 644 1071 723 fuer'lt,
1087 654 1132 707 est
1146 654 1177 709 et
1190 646 1289 708 futura
1304 650 1342 706 sit

162 744 331 827 iustissima,
348 759 378 812 et
392 770 454 813 eam
470 769 533 812 esse
547 754 642 826 talem,
660 754 705 811 cui
720 768 803 811 nemo
819 754 955 811 resistere
970 756 1068 827 possit
1091 754 1154 813 Nec
1169 754 1246 828 quod
1259 754 1342 814 nohis

166 840 445 933 adversiquippiam
458 858 506 917 hic
519 857 667 932 Augustae,
684 858 790 932 inquit,
814 858 932 932 accidit,
952 874 1046 919 causae
1061 855 1168 919 nostrae
1182 859 1297 919 bonitas
1311 860 1342 916 in

166 964 252 1036 culpa
266 968 325 1036 est,
345 979 430 1036 quam
450 962 543 1022 adhuc
562 964 736 1023 sustinemus
753 970 783 1023 et
801 949 1002 1023 sustinebimus
1023 965 1054 1023 in
1072 970 1250 1039 perpetuum.
1288 962 1343 1021 Est

168 1070 244 1127 enim
263 1084 351 1127 causa
370 1086 428 1128 non
446 1058 565 1157 honoris
585 1069 677 1140 nostri
698 1075 727 1128 et
741 1084 861 1143 operum
883 1075 1061 1144 nostrorum,
1085 1070 1139 1129 sed
1156 1071 1221 1143 ipsa
1234 1068 1342 1127 domini

167 1175 284 1247 veritas,
301 1172 431 1232 doctrina
440 1175 613 1232 sinceritatis
628 1180 746 1233 arrecta
759 1182 1003 1237 sacramentorum
1018 1174 1237 1235 administratio.
1255 1172 1342 1233 Boni·

166 1283 256 1337 tatem
271 1294 375 1352 causa,
390 1280 493 1352 inquit,
509 1268 655 1353 habemus,
673 1296 708 1339 ea
723 1295 802 1354 vero,
818 1296 883 1353 quae
895 1287 964 1341 sunt
977 1264 1085 1356 praeter
1098 1281 1249 1341 ueritatem
1258 1295 1343 1337 evan·

168 1384 235 1457 gelii
250 1383 339 1443 divini
354 1384 475 1443 nominis
490 1384 627 1465 honorem
643 1391 672 1444 ct
687 1400 744 1443 non
759 1383 870 1445 faciunt
883 1386 922 1445 ad
936 1386 1059 1445 salntem
1073 1391 1211 1448 nostram.
1241 1385 1343 1459 Apage

168 1489 226 1547 sint
242 1495 271 1549 et
285 1490 401 1551 valeant
415 1489 445 1547 in
460 1488 564 1570 malam
580 1470 714 1549 nucem(
732 1490 763 1549 Si
778 1506 846 1551 uero
861 1491 944 1551 nobis
960 1507 1018 1549 non
1031 1493 1127 1551 omnia
1141 1492 1266 1573 errotis
1281 1505 1342 1548 ces·

168 1600 270 1653 serunt
285 1601 315 1654 et
327 1594 466 1653 nonnulla
480 1594 578 1666 inique
594 1594 723 1668 perpessi
738 1611 849 1670 sumus,
865 1595 896 1654 id
910 1610 970 1655 non
985 1597 1101 1671 optume
1115 1593 1223 1655 nos'troe
1237 1609 1342 1667 causae,

147 1726 152 1737 ν
167 1698 220 1781 sed
235 1698 312 1772 qnod
327 1715 379 1759 uos
394 1701 424 1757 in
439 1680 492 1769 hac
507 1713 539 1756 re
554 1714 612 1757 uon
625 1678 659 1758 ut
674 1700 770 1759 decuit
784 1703 957 1773 gesserimus
974 1706 1004 1759 et
1017 1698 1220 1775 ingrutitudini
1233 1704 1356 1786 nostro·

169 1818 204 1863 ac
217 1802 291 1876 mule
306 1786 378 1862 actae
393 1790 640 1878 impoenitentiqne
654 1805 721 1863 vitre
737 1810 844 1863 nostrae
859 1812 1007 1879 acceptum
1022 1804 1156 1890 feramus.
1194 1805 1284 1878 Nam,
1301 1804 1343 1862 in·

98 1914 104 1921 '
169 1908 244 1981 quit,
266 1908 344 1982 apud
355 1926 415 1969 ‘nos
429 1909 612 1984 Augustanos
628 1911 770 1970 nemo‘vel
786 1910 900 1970 obolum
915 1926 968 1982 pro
984 1909 1231 1970 administratione
1245 1925 1341 1972 sauro

169 2005 328 2074 mentorum
344 2013 413 2074 dare
428 2014 500 2089 opus
514 2013 626 2087 hahuit,
650 2018 680 2072 et
694 2018 791 2073 tamen
805 2014 878 2074 adeo
892 2009 976 2073 nohis
990 2016 1141 2075 conciones
1156 2021 1266 2084 sacre,
1279 2014 1344 2085 ipsa

169 2118 253 2177 simul
268 2124 298 2177 et
312 2124 490 2185 sacramenta
504 2120 592 2179 trodio
602 2116 729 2193 fuerunt,
746 2117 779 2177 ut'
790 2120 949 2181 abominari
964 2135 999 2179 ea
1011 2119 1182 2178 videremur.
1205 2117 1285 2189 Haec,
1301 2118 1344 2175 ins

170 2238 265 2296 quum,
277 2228 306 2283 et
315 2225 419 2283 similia
428 2225 509 2283 nobis
519 2224 658 2291 malorum
667 2220 887 2297 causahrerunt,
896 2240 955 2283 non
965 2239 1051 2295 quam
1059 2215 1184 2297 gerimus
1193 2224 1342 2281 caussato.

168 2326 297 2401 Repetiit
312 2333 340 2388 st
354 2330 417 2389 hoc.
442 2327 555 2388 Christo
566 2346 624 2389 non
637 2330 707 2387 satis
716 2328 815 2403 fuisse,
831 2329 910 2403 quod
920 2328 1038 2402 diceret,
1057 2327 1144 2387 »Non
1151 2317 1343 2413 turbetur'cor

169 2437 329 2506 restrum«,
346 2431 429 2507 quin,
448 2434 569 2506 »Neque
583 2433 748 2509 formidet«,
765 2434 912 2507 adjiceret
936 2434 1029 2492 lussit
1042 2433 1130 2507 igitur
1144 2432 1222 2491 utin
1236 2431 1345 2505 optima

170 2531 381 2600 causa'snimos
396 2530 580 2598 nostros‘non
589 2539 832 2615 desponderemus
847 2555 882 2597 oc
890 2554 1002 2613 semper
1016 2554 1069 2597 nos
1082 2554 1118 2595 ex
1133 2534 1229 2597 uerbis
1239 2535 1346 2596 Christi

164 2637 384 2704 'consolaremur
400 2649 429 2702 et
444 2645 633 2719 erigeremus,
655 2627 995 2719 etiamsi'potantissimos
1009 2645 1088 2704 orbis
1103 2660 1195 2704 causae
1209 2644 1345 2702 resistere

170 2736 329 2808 cernamus.
362 2749 505 2823 Fuerunt,
521 2751 622 2823 inquit,
642 2751 766 2824 apostoli
779 2751 947 2824 piscatores,
963 2749 1070 2822 idiotae,
1086 2748 1216 2808 homines
1230 2748 1344 2821 abjecti,

170 2860 344 2914 versutam
357 2871 462 2928 magna
476 2856 604 2930 aggressi
619 2860 685 2912 sunt
699 2851 876 2914 confidentes
890 2859 921 2914 et
935 2848 1127 2930 erigentes'se
1141 2852 1244 2927 spiritu
1260 2868 1279 2909 a
1296 2851 1345 2910 do-

170 2961 248 3019 mino
263 2955 320 3018 illis
335 2961 365 3017 in
379 2961 432 3018 hoc
448 2959 516 3018 dato
532 2963 561 3018 et
574 2958 774 3020 recordatione
792 2958 943 3021 verborum
958 2959 1074 3020 Christi.
1097 2958 1177 3018 Nihil
1191 2957 1280 3031 igitur
1294 2972 1345 3015 vos

170 3061 404 3146 offendimini,·si
420 3080 471 3122 uos
486 3063 562 3124 forte
579 3065 802 3124 succumbamus.
840 3066 936 3124 Macte
951 3066 1058 3125 virtute
1073 3069 1103 3122 et
1116 3063 1205 3122 animi
1219 3063 1274 3122 viri
1288 3059 1346 3121 ior·

151 3175 215 3228 sss
235 3147 342 3242 esou',
365 3185 418 3228 nee
437 3170 561 3234 animum
581 3169 729 3244 abjiciatis.
769 3170 870 3229 uosss
889 3171 965 3228 enum
986 3167 1122 3242 quonam
1145 3166 1345 3226 somnusue

171 3272 248 3332 bono
262 3274 325 3332 viro
342 3272 553 3352 dicant.jQuod
564 3291 581 3334 a
592 3280 672 3332 recto
688 3261 834 3334 discedere
846 3291 904 3334 non
919 3273 1031 3346 debeat,
1043 3272 1155 3344 dixere,
1169 3272 1271 3331 mundi
1284 3287 1347 3328 cre·

170 3384 243 3452 peut
256 3379 324 3438 licet
338 3378 430 3446 ruinae
445 3369 595 3438 et'fractus
610 3379 746 3449 illabatur
765 3379 843 3438 orbis
858 3385 912 3438 etc.
940 3378 1022 3436 ¹Item
1038 3368 1182 3449 coarguit,
1204 3375 1282 3447 quod
1294 3375 1345 3431 im·

170 3483 373 3572 misericordes
392 3485 497 3572 passim
518 3501 589 3558 erga
611 3471 982 3558 perimbatos'et'afflictos
994 3476 1092 3540 'simus
1110 3480 1157 3538 ita·
1170 3484 1204 3538 ut
1223 3475 1345 3537 afflictos

171 3593 375 3660 praetereamus
390 3606 448 3648 nou
462 3590 551 3648 solum
569 3607 627 3648 non
642 3589 833 3678 consolantes,
850 3578 1028 3662 'sedinsuper
1040 3602 1089 3644 eos
1099 3590 1150 3645 aut
1164 3583 1345 3668 derideamus

160 3698 224 3778 naut
238 3706 298 3766 pree
313 3688 450 3766 superbia
461 3698 682 3758 contemnamus.
707 3694 790 3776 Quod
803 3692 937 3753 etDavid
947 3695 978 3751 in
990 3707 1115 3766 persona
1124 3687 1229 3748 Christi
1243 3687 1344 3764 psalm.

173 3797 215 3855 22
232 3796 415 3878 conqueritur·
430 3796 506 3874 (lege
521 3803 612 3875 toturn
627 3796 790 3873 psalmum).
813 3799 906 3858 Jussit
923 3801 1010 3870 igitur
1025 3787 1202 3868 archetypon
1216 3798 1346 3852 nostrum

173 3898 318 3963 Christum
332 3902 453 3976 imitari,
477 3906 596 3963 miseros
618 3885 707 3962 verbo
721 3895 829 3986 domini
848 3904 1018 3976 sustentari,
1040 3901 1088 3960 hic
1102 3902 1177 3960 enim
1192 3898 1347 3972 discipulos

165 4022 312 4078 nusquam
332 4008 525 4086 inconsolatos
539 3991 664 4081 reliquit
702 4007 768 4067 Duo
786 3991 883 4086 itaque
905 4009 967 4066 haec
981 4023 1034 4067 uos
1049 3999 1182 4086 amplecti
1201 4003 1347 4076 praecipie-

171 4095 237 4184 h'at,
250 4099 294 4168 rut¹
312 4111 421 4180 scilicet
439 4113 527 4172 uerbo
551 4101 657 4171 domini
680 4113 835 4172 innitamur
854 4129 889 4172 ac
908 4095 966 4192 nos'
982 4114 1060 4186 ipsos
1075 4127 1134 4169 nna
1148 4125 1183 4168 ac
1196 4106 1301 4168 fratres
1316 4109 1347 4165 in

172 4211 375 4274 afflictionibus
395 4218 515 4274 invicem
533 4218 628 4276 verbis
652 4217 759 4276 domini
779 4222 808 4276 et
827 4217 1026 4276 recordatione
1045 4214 1264 4293 promissionum
1285 4213 1346 4285 eius

172 4319 308 4394 solemur,
323 4336 358 4379 ac
372 4320 466 4380 Deum
490 4337 619 4396 oremus,
638 4328 670 4382 ut
685 4323 817 4396 spiritum
831 4339 912 4382 suurn
926 4323 1032 4381 honum
1046 4324 1150 4395 mittat,
1174 4321 1223 4393 qui
1243 4333 1296 4377 nos
1315 4319 1347 4374 in

172 4413 262 4484 verbo
282 4426 449 4486 corroboret
470 4432 499 4486 et
522 4412 629 4485 domini
649 4426 790 4485 voluntati
810 4427 1008 4500 obtemperare
1031 4427 1142 4486 doceat.
1180 4422 1248 4482 Fiat
1261 4423 1303 4479 ita
1317 4424 1348 4477 et

160 4529 276 4591 *amen

1087 4636 1107 4689 4
1117 4629 1133 4663 *
