3017 5225
710 364 772 438 141

151 562 211 606 non
227 547 461 607 detrectaremus.
484 527 568 605 Diris
581 560 704 621 quoque,
720 546 794 604 siout
808 552 838 604 et
851 547 922 605 alios
937 545 1042 620 docuit,
1059 545 1133 608 hane
1147 545 1324 618 charitatem,

151 668 212 726 qua
227 652 307 711 Deus
320 667 373 710 nos
388 651 490 725 diligat
502 653 534 710 in
549 651 668 722 dilecto,
691 656 720 709 et
739 667 798 723 que
814 648 943 710 christus
958 666 1010 710 nos
1026 649 1125 710 dhcrit
1144 667 1178 712 ac
1200 667 1266 726 ιιιοι
1281 652 1325 710 in-

152 757 247 817 vicem
261 773 293 816 se
308 756 429 829 diligere
441 757 575 829 jusserit,
591 772 654 816 esse
668 761 728 815 tem
742 757 917 831 immensam,
939 761 999 814 tam
1014 754 1186 819 ineffabilem
1199 772 1233 814 ec
1248 755 1327 814 nulla

152 877 213 920 non
227 861 315 920 animi
329 861 519 921 admiratione
532 862 665 936 dignam,
682 866 720 920 ιιι
733 877 752 920 a
766 862 845 922 naha
860 866 993 922 creatura
1009 859 1091 920 efferi
1105 867 1211 936 posset.
1250 861 1325 920 Esse

151 969 250 1025 tamen
264 965 362 1040 eliqua
376 967 407 1024 in
418 967 474 1025 hac
488 967 642 1040 charitate,
673 982 739 1040 quc
758 971 904 1039 utcunque
920 967 1034 1026 anobis
1049 966 1242 1026 circumscribi
1256 981 1324 1040 pos-

152 1069 222 1144 sint,
247 1070 406 1144 cujusmodi
426 1076 538 1144 essent,
560 1087 624 1144 quse
639 1072 772 1146 superius
788 1071 864 1130 dieta
879 1076 955 1130 sunt.
993 1072 1032 1130 Et
1047 1079 1113 1146 post
1126 1072 1217 1130 multa
1231 1070 1325 1129 Deum

152 1174 322 1253 ardentibus
336 1176 412 1236 ιιιιι
427 1192 513 1236 orare
523 1176 618 1250 iussit,
634 1191 691 1249 quc
706 1175 789 1239 nobis
808 1176 883 1238 hanc
903 1177 1084 1236 dilectionem
1100 1177 1236 1250 consequi
1251 1181 1280 1234 et
1294 1177 1333 1252 ιιι

153 1294 190 1337 ea
205 1294 374 1352 permanere
387 1273 544 1356 contingat.
573 1280 656 1356 Quod
670 1281 752 1340 nohis
768 1281 855 1340 donet
869 1280 958 1342 dulcis
973 1283 1067 1342 lesus.
1091 1282 1192 1342 Αιιιιιι.

243 1383 426 1446 Aconcione
446 1387 578 1446 Eubulus
597 1391 745 1461 assumpto
769 1385 859 1446 Floro
884 1387 1015 1446 comitem
1037 1387 1218 1448 Wilhelmum
1244 1386 1324 1460 adiit,

153 1503 220 1546 cum
243 1502 300 1560 quo
322 1494 353 1548 et
372 1490 549 1563 ienteeulum
569 1508 627 1550 une
646 1507 709 1550 cum
729 1491 836 1551 Ottoue
855 1497 886 1552 et
899 1493 1024 1552 Ernesto
1047 1491 1082 1552 de
1104 1492 1278 1564 Schomherg
1297 1495 1327 1550 et

153 1592 219 1651 aliis
234 1598 386 1668 sumptum.
409 1595 521 1656 Deinde
536 1596 646 1656 comitis
661 1595 808 1656 Wilhelmi
822 1597 972 1656 consilium
986 1597 1016 1655 in
1031 1597 1148 1671 negotio
1163 1602 1261 1656 ιιοιιιο
1277 1613 1326 1670 pe·

151 1697 265 1772 tiimus,
288 1699 352 1773 qui,
368 1704 400 1758 ιιι
414 1702 507 1760 rhum
526 1700 698 1774 prudentem
717 1704 747 1759 et
771 1702 892 1776 probum
913 1701 1007 1776 decet,
1034 1719 1070 1762 ex
1089 1703 1184 1762 auimo
1209 1701 1282 1761 dixit
1295 1699 1326 1760 id

153 1802 233 1878 quod
246 1794 294 1862 res
309 1809 380 1864 erat.
419 1805 520 1864 Visum
541 1810 638 1864 ιιιιιιιι
661 1811 705 1863 est
727 1798 783 1877 illi,
805 1823 864 1866 non
879 1807 1090 1868 incommodare
1105 1823 1202 1881 posse,
1227 1810 1258 1864 ut
1273 1821 1326 1866 nos

114 1905 119 1912 ’
153 1925 255 1968 rursus
269 1908 469 1969 Atrebetcnsis
483 1909 648 1982 conspectui
663 1909 869 1970 exhiberemus.
902 1911 978 1970 Dum
993 1916 1088 1971 autem
1103 1911 1133 1970 in
1148 1911 1228 1973 curia
1242 1909 1326 1968 Atre.

153 2013 281 2080 batensis
299 2031 364 2074 cum
384 2015 473 2075 Floro
492 2015 695 2089 colloquimur,
720 2015 825 2087 praesul
844 2021 1036 2090 properanter
1056 2016 1094 2074 ad
1117 2014 1326 2074 Granderelam

153 2114 394 2192 patren'transit.
433 2120 583 2181 subsecuti
602 2102 691 2196 igitur
713 2137 778 2180 eum
798 2135 890 2192 usque
905 2120 943 2186 ad
963 2121 1068 2178 etrium
1083 2124 1150 2178 ante
1166 2118 1325 2178 cubiculum

152 2226 254 2300 patris,
271 2224 323 2284 uhi
335 2225 582 2300 praestolabamur.
605 2224 710 2284 Edocti
725 2229 821 2286 autem
836 2241 854 2283 a
869 2239 952 2285 servo
968 2223 1120 2298 praesulem
1134 2224 1165 2282 in
1179 2225 1260 2288 curie
1274 2238 1327 2291 sue

153 2331 183 2390 in
197 2331 290 2409 hortis
305 2347 484 2404 pransurum,
501 2331 608 2390 abitum
625 2331 896 2404 ejusexpectentee,
913 2332 1040 2404 quicum
1055 2328 1185 2404 prodiret
1199 2327 1277 2387 fores
1292 2343 1327 2386 ac

153 2441 235 2497 recte
248 2452 295 2496 me
308 2440 431 2511 peteret,
448 2436 562 2496 dicens:
569 2434 710 2527 Domine,
726 2436 796 2507 quid
811 2434 905 2508 petis?
919 2437 1055 2510 respondi
1070 2437 1098 2496 d
1115 2454 1142 2496 ι.
1158 2433 1241 2518 facile
1257 2433 1326 2492 divi·

154 2558 238 2618 nare,
262 2519 331 2617 quid
345 2543 444 2617 velim,
469 2546 578 2616 potest,
600 2557 664 2600 cum
687 2541 779 2601 omnis
798 2557 863 2600 mee
886 2557 952 2617 spes
973 2542 1069 2602 adhuc
1087 2541 1122 2602 de
1144 2540 1282 2617 gratied
1298 2555 1325 2598 ι.

153 2649 298 2723 pendeat
268 2648 373 2707 ted
387 2648 450 2707 haec
463 2647 523 2706 ille:
546 2645 696 2720 Proiecto,
719 2648 759 2705 mi
774 2646 888 2721 domine
910 2664 1018 2722 comes,
1040 2663 1094 2722 ego
1116 2648 1187 2707 nihil
1207 2647 1327 2705 ulterius

155 2770 274 2828 possum
287 2732 391 2813 facere.
429 2753 505 2813 Nam
519 2754 609 2813 multo
624 2753 724 2813 labore
740 2769 774 2811 eo
790 2768 850 2811 rem
865 2751 995 2827 perduxi,
1013 2757 1045 2813 ut
1059 2752 1095 2811 dc
1111 2751 1326 2825 quatuordecim

153 2858 269 2919 milibus
284 2858 322 2919 ad
341 2864 406 2917 octo
420 2849 692 2941 millia-descensum
707 2860 760 2915 sit:
794 2858 833 2915 Et
847 2856 954 2917 habeas
969 2858 1038 2917 mihi
1053 2855 1156 2930 fidem,
1172 2872 1231 2915 non
1246 2856 1325 2915 mers·

152 2965 222 3038 tior,
238 2980 293 3037 ego
308 2980 327 3022 a
340 2969 370 3023 te
382 2964 442 3037 jam
456 2967 574 3036 rogatas
589 2962 682 3021 altere
696 2964 758 3022 vioe
773 2963 979 3037 imperatorem*
992 2962 1060 3037 edii,
1083 2968 1212 3034 conatus,
1229 2962 1254 3019 ιι
1269 2976 1327 3033 qua

155 3074 273 3143 possem
286 3070 412 3127 animum
427 3084 486 3127 suae
501 3068 659 3142 maiestatis
674 3084 744 3142 erga
760 3075 789 3127 te
804 3068 940 3127 emollire.
965 3070 1071 3129 Verum
1086 3069 1243 3142 imperator
1257 3066 1326 3124 mihi

153 3175 239 3247 quasi
253 3172 398 3233 subiratus
412 3171 576 3246 respondit:
600 3172 683 3246 Quid,
706 3190 774 3231 num
789 3174 858 3233 satis
873 3174 1032 3256 clementie
1047 3189 1092 3231 me
1107 3173 1150 3230 illi
1164 3172 1326 3230 exhibuisse

153 3275 260 3352 putati
289 3278 367 3349 quod
382 3292 446 3337 cum
467 3278 682 3351 quatuordecim
703 3278 794 3335 millia
809 3278 951 3350 exegerim
967 3276 1005 3335 ed
1020 3282 1085 3335 octo
1100 3276 1190 3335 millia
1204 3258 1326 3349 floreno·

152 3398 219 3470 rum
233 3382 328 3457 redigi
341 3400 443 3457 passus
458 3381 541 3441 sum?
563 3383 659 3441 Dicito
674 3382 725 3455 illi,
747 3398 792 3441 me
808 3382 895 3457 semel
910 3398 954 3439 me
974 3382 1066 3453 ipsum
1081 3381 1231 3439 resolvisse
1247 3378 1325 3454 (nes-

153 3489 199 3547 cio
220 3489 296 3547 enim
317 3506 375 3561 quo
397 3491 583 3563 grammatico
604 3492 751 3562 repertum
773 3476 822 3559 sit,
852 3486 996 3547 resolvere
1021 3486 1051 3546 in
1073 3486 1140 3547 aule
1160 3498 1326 3545 cesareane

154 3590 288 3665 usurpari
309 3594 364 3670 pro
380 3611 430 3668 eo,
436 3594 533 3668 quod
546 3594 623 3653 docti
637 3593 746 3665 dicunt,
770 3591 825 3669 hoc
838 3608 948 3651 mecum
964 3592 1093 3665 decrevi,
1115 3592 1160 3649 vel
1175 3592 1215 3648 sic
1230 3590 1326 3649 enimc

154 3698 245 3757 suuni
258 3705 323 3773 etc,
339 3703 373 3766 ιιι
387 3714 476 3759 novos
491 3698 620 3786 homines
635 3686 763 3758 exoticus
779 3712 872 3755 sermo
885 3691 1038 3772 sequitur),
1060 3713 1095 3755 ec
1110 3696 1150 3755 sic
1165 3694 1327 3765 conclusum

154 3817 242 3876 penes
256 3819 302 3861 me
316 3818 389 3862 csse.
429 3802 461 3861 Si
475 3776 552 3890 volet
572 3802 696 3864 oblatam
711 3804 834 3876 gratiam
856 3808 1022 3879 acceptare,
1048 3803 1181 3864 benet
1138 3808 1195 3877 est,
1219 3804 1243 3861 si
1259 3816 1326 3875 uon,

155 3891 252 3994 eliam,
268 3924 353 3981 quam
366 3908 410 3965 illi
425 3907 549 3981 proponi
564 3904 635 3981 feci,
658 3907 734 3967 viem
748 3912 887 3982 acceptet.
926 3909 995 3967 Νιι
1010 3911 1084 3969 enim
1099 3907 1267 3983 praeterire
1283 3921 1327 3964 me

154 4013 308 4085 quicquum
322 4012 353 4071 in
367 4028 433 4071 eum
448 4013 629 4072 decreturum
649 4017 730 4071 certo
744 4019 941 4085 comperturos
956 4021 1008 4074 est
1049 4012 1119 4075 Cum
1135 4020 1236 4073 eutem
1245 4010 1326 4071 Wol-

153 4116 243 4176 redus
258 4118 363 4176 iterum
376 4122 465 4191 atque
479 4118 584 4175 iterum
598 4117 676 4190 apud
690 4118 844 4193 praesulem
859 4118 993 4199 instaret,
1007 4133 1064 4191 quo
1077 4120 1123 4178 rel
1132 4118 1226 4177 adbuc
1240 4115 1327 4175 semel

154 4222 314 4294 periculum
328 4219 423 4290 facere
438 4222 616 4295 dignaretur,
631 4220 657 4279 ι1
671 4237 729 4293 que
743 4220 821 4297 apud
834 4236 988 4282 caesaream
1002 4223 1182 4295 maiestatem
1196 4221 1328 4305 obtinere

154 4332 265 4402 posset,-
277 4326 599 4401 summumpraedictam
613 4326 712 4399 minui,
727 4327 891 4399 respondit:
917 4326 1012 4401 Certe,
1033 4327 1156 4400 demine,
1172 4324 1244 4383 nihil
1260 4340 1325 4396 pro·

143 4424 247 4528 ficies,
260 4430 312 4491 sed
325 4430 416 4505 magis
430 4430 557 4491 irritehis
572 4444 727 4490 cesaream
741 4430 931 4507 majestatem,
952 4438 983 4517 et
996 4412 1028 4493 'te'
1040 4434 1133 4507 ipsum
1147 4433 1327 4505 longepost·
