3017 5225
778 428 822 494 28

299 612 369 687 xxiii
383 610 492 687 Aprilis
506 611 579 671 hora
594 616 675 671 scria
689 610 720 669 in
734 611 842 685 templo
857 608 989 671 manui
1002 606 1040 669 D.
1048 607 1177 671 ioannes
1191 607 1335 691 Henricns
1350 624 1390 668 ox

82 704 88 713 ”
212 735 275 793 cap.
290 719 330 792 xij
347 716 476 792 epistola.
490 715 528 777 ad
542 716 687 789 Romanos
702 713 737 775 ds
752 716 799 774 hir
812 715 908 777 uerbis
924 713 1021 773 Pauli:
1035 714 1161 777 Dilectic
1175 730 1234 774 non
1249 715 1287 774 sit
1301 714 1389 773 stmu-

210 826 278 897 lata,
294 824 357 882 sitis
371 822 438 882 odio
453 825 659 895 prosequentes
672 819 749 894 quod
760 821 866 881 malurn
878 826 932 893 est,
946 818 1127 881 adherentes
1142 822 1170 878 ei
1185 819 1263 895 quod
1278 820 1386 880 bonum

211 935 269 1004 ast,
291 944 345 1004 per
365 924 524 989 fraternam
538 925 687 985 ceritatem
702 926 740 985 ad
754 931 854 984 mutuo
869 941 920 984 voa
936 924 1095 1000 diligendos
1110 926 1255 1003 propensi,
1275 926 1386 985 honore

212 1035 286 1095 alius
301 1033 387 1093 adum
402 1030 597 1108 precedentes
611 1032 667 1090 etc.
707 1028 812 1106 Aiebat
826 1028 948 1089 Paulum
968 1030 1014 1088 bic
1028 1028 1124 1091 dicere
1139 1028 1175 1100 de
1189 1032 1282 1091 tribus
1296 1032 1388 1091 maxi·

210 1142 264 1199 mis
279 1122 428 1215 operibus,
446 1152 585 1197 excusam
600 1139 727 1209 nosmcs,
744 1134 823 1211 quod
835 1135 893 1195 illis
907 1135 1066 1196 adversarii
1080 1135 1252 1211 objicerent,
1269 1150 1301 1195 se
1314 1136 1388 1195 nihil

211 1246 333 1305 clamare
348 1249 455 1319 prater
469 1240 550 1316 fides,
565 1240 648 1315 fidas,
664 1239 746 1315 fides,
762 1242 877 1301 interim
885 1242 994 1300 nudam
1007 1241 1044 1300 de
1059 1240 1196 1315 operibus
1209 1240 1293 1299 bonis
1308 1256 1389 1301 men·

210 1353 318 1411 donem
333 1366 382 1411 eos
397 1347 501 1409 iecere.
525 1345 703 1420 Impossibile
718 1349 794 1407 enim
809 1352 866 1421 est,
882 1348 985 1420 inquit,
1001 1358 1066 1405 enm
1080 1342 1131 1419 qni
1146 1347 1295 1405 sinceriter
1310 1362 1388 1419 prm·

210 1455 287 1517 diret
301 1454 502 1531 Evangelium,
519 1468 576 1511 non
591 1453 677 1511 etiarn
692 1452 769 1511 bona
783 1467 873 1526 opera
887 1451 1002 1525 docere,
1020 1451 1071 1511 scd
1085 1467 1121 1512 ca
1135 1467 1201 1525 quas
1215 1450 1296 1511 Dens
1312 1466 1388 1527 pre·

210 1562 329 1637 ceperit.
352 1560 425 1623 Item
439 1559 563 1632 primum
577 1563 608 1617 et
621 1570 759 1615 summum
774 1572 846 1632 opus
861 1572 924 1617 esse
937 1554 1032 1630 fidem,
1049 1573 1115 1630 quse
1129 1555 1237 1617 Glmisti
1250 1557 1386 1616 mentum

211 1664 401 1742 apprehendit
414 1678 487 1739 aque
503 1661 565 1723 Deo
581 1668 682 1721 cuneta
697 1662 774 1723 bona
788 1668 935 1737 expectat,
953 1662 1102 1722 adducens
1123 1679 1182 1723 non
1197 1678 1287 1721 unum
1301 1662 1389 1735 hujus

210 1772 255 1831 rei
277 1770 445 1845 exemplum.
484 1765 596 1827 Deinde
618 1767 773 1827 secundum
795 1782 867 1843 opus
888 1783 952 1827 esse
966 1770 1131 1844 caritatem,
1156 1766 1306 1844 proferens
1319 1782 1387 1841 pas-

211 1877 266 1935 sim
287 1890 303 1935 e
321 1874 466 1947 scriptura
492 1873 571 1933 locos
597 1872 632 1932 de
654 1873 792 1947 cantate,
815 1874 906 1934 multa
924 1874 1068 1934 disserens
1092 1872 1246 1935 damoeta
1269 1869 1389 1933 atficta

211 1980 392 2041 simulatione
421 1979 557 2039 cantatis.
604 1978 676 2037 Item
698 1979 872 2053 impossibile
894 1994 972 2053 esse,
1001 1996 1065 2040 eum
1085 1979 1135 2052 qui
1158 1977 1217 2041 fide
1238 1978 1389 2039 cantatam

211 2104 281 2162 erga
294 2085 387 2147 Deum
402 2086 578 2159 conceperit,
602 2100 659 2145 non
675 2085 791 2172 salvari.
829 2084 983 2146 Adducam
997 2084 1159 2158 exemplum
1173 2098 1260 2158 quam
1274 2087 1390 2157 menn

211 2192 320 2253 sitDec
335 2192 396 2265 ejns
411 2191 499 2252 verbo
515 2189 748 2251 etobedientiam
765 2195 905 2264 prestare
919 2195 949 2250 et
963 2189 1098 2263 idipsum
1113 2189 1240 2249 credere.
1265 2188 1297 2249 Si
1311 2189 1391 2261 qnis-

212 2299 299 2373 piam
314 2297 416 2371 inquit,
432 2310 450 2353 a
464 2309 535 2369 rege
549 2270 603 2354 sibi
619 2293 674 2353 dici
693 2294 845 2369 sufficerit,
861 2296 913 2355 -Tu
927 2297 998 2380 mihi
1011 2293 1103 2369 fidite,
1120 2310 1192 2354 rneoe
1206 2310 1284 2354 cura
1297 2298 1327 2353 te
1341 2308 1389 2353 re

212 2403 351 2476 linquite,
376 2399 446 2459 mihi
470 2401 545 2459 enim
568 2398 782 2459 commendatus
805 2381 879 2474 cr'is,
904 2402 1070 2475 maioraque
1094 2400 1148 2461 tibi
1172 2399 1292 2459 daturum
1314 2415 1388 2474 sum,

214 2523 299 2583 quam
313 2522 332 2565 a
346 2521 391 2565 me
407 2510 544 2580 expetere
559 2520 645 2563 ausus
660 2502 785 2578 fuisses,
796 2520 892 2565 nonne
907 2506 932 2563 si
946 2507 971 2564 Is
985 2506 1154 2579 imperatori
1172 2503 1258 2564 iidem
1271 2505 1388 2580 habeat,

213 2613 255 2675 illi
269 2613 446 2688 gratissimus
462 2608 537 2670 erit?
567 2608 650 2670 Licet
664 2627 716 2672 rex
730 2610 777 2669 vel
791 2612 949 2685 imperator
963 2613 1184 2686 quaepollieItus
1200 2617 1316 2672 estnon
1330 2617 1391 2672 sta-

213 2721 265 2780 tim
278 2719 343 2794 ipsa
360 2723 488 2792 prestet.
527 2715 631 2776 Nonne
650 2715 696 2776 hic
715 2714 792 2777 bona
811 2732 862 2790 spe
878 2716 962 2776 laetus
982 2718 1078 2776 omnia
1099 2733 1164 2790 qma
1179 2715 1288 2776 cesari
1307 2716 1390 2778 cordi

214 2839 277 2886 esse
292 2819 394 2901 (scit)¹
408 2819 497 2882 facit?
522 2827 553 2881 at
567 2819 642 2882 forte
656 2834 793 2882 caesarem
803 2827 896 2883 morte
905 2823 1058 2894 preveniri
1072 2824 1195 2897 eveniat,
1212 2837 1270 2896 qno
1283 2823 1389 2896 minus,

214 2946 277 3004 qma
293 2929 473 3004 promiserat,
489 2930 607 3002 exsequi
621 2933 726 3004 posset.
750 2927 805 2987 Est
819 2927 894 2986 enim
907 2928 999 2986 omnis
1013 2928 1099 2988 homo
1113 2926 1246 2988 mendax.
1271 2928 1390 3002 Quanto

215 3035 305 3110 magis
320 3033 400 3093 Deus
414 3032 614 3113 reclamaturus
628 3038 682 3108 est,
706 3047 724 3091 a
740 3049 796 3106 quo
811 3033 907 3092 omnia
921 3030 1140 3106 exspectamus?
1176 3033 1205 3095 Is
1221 3034 1296 3093 enim
1310 3034 1389 3094 solus

218 3146 263 3200 est
277 3154 375 3213 verax,
391 3143 421 3198 et
435 3155 612 3214 quecunque
626 3139 715 3199 voluit
730 3144 760 3198 et
774 3144 914 3214 prestare
929 3143 959 3198 et
972 3137 1069 3197 iacere
1083 3143 1188 3213 potest.
1224 3138 1297 3198 Item
1311 3139 1391 3213 quod

214 3247 240 3306 is
256 3246 350 3304 enltns
365 3244 433 3319 Dei,
457 3260 542 3330 quern
563 3245 684 3318 papistae
698 3245 729 3303 in
744 3243 806 3303 solo
820 3244 927 3320 templo
946 3244 999 3305 snb
1020 3243 1124 3302 didnis
1145 3242 1190 3320 (ut
1204 3244 1259 3318 ipsi
1272 3241 1390 3320 uocant)

214 3351 387 3428 probitatem
411 3350 555 3423 quandam
577 3366 637 3424 prae
661 3365 692 3409 se
712 3348 831 3409 ferendo
853 3355 1005 3423 praestant,
1034 3347 1097 3408 Deo
1120 3348 1319 3409 abominabilis
1341 3350 1388 3409 sit.

214 3444 321 3518 Verum
346 3455 539 3536 Ohnstianum
561 3457 592 3514 in
614 3455 690 3514 omni
711 3454 774 3513 loro
796 3453 997 3516 dominationis
1018 3453 1125 3514 domini
1144 3452 1250 3515 debere
1272 3470 1304 3514 se
1324 3454 1390 3515 Dec

215 3559 408 3635 obedientem,
431 3559 487 3621 fide
503 3575 577 3634 pure
592 3565 622 3619 at
635 3558 695 3619 vita
710 3561 784 3618 bene
799 3561 932 3620 instItuta
950 3559 1086 3618 exhibere
1100 3564 1153 3619 etc.
1193 3558 1389 3636 Ob'temporis

216 3673 311 3726 autem
326 3666 477 3740 penuriam
498 3665 534 3724 de
554 3666 642 3724 tertio
657 3679 743 3738 opere
762 3665 911 3726 absoluere
931 3681 989 3723 non
1009 3665 1117 3739 putuit,
1140 3665 1298 3741 smeipiens
1310 3665 1343 3725 id
1357 3681 1389 3724 se

215 3771 347 3848 proxima
361 3771 496 3830 concione
510 3767 661 3829 iacturum.
699 3771 733 3829 In
749 3769 994 3830 obsecrationibus
1011 3785 1066 3843 pro
1079 3770 1200 3844 captivis
1215 3770 1345 3830 omuibus
1359 3775 1390 3829 et

215 3893 270 3952 pro
284 3876 328 3949 iis,
346 3875 395 3948 qui
409 3876 468 3934 sive
484 3873 562 3947 apud
576 3875 699 3947 Turqas,
714 3876 778 3934 sive
789 3873 858 3937 alibi
877 3875 1003 3933 locorum
1019 3875 1056 3935 ob
1070 3874 1200 3935 ueritatis
1214 3874 1389 3949 agnitionem

215 3987 468 4060 persequerentur,
484 3995 568 4040 orare
579 3979 674 4054 jussit.
699 3980 753 4053 Qui
767 3981 864 4054 potest
878 3995 998 4055 capere,
1014 3981 1118 4055 capiat.
1216 4025 1230 4034 -
1313 4056 1316 4062 ἡ

304 4087 332 4146 A
346 4086 481 4146 concione
496 4083 578 4144 nobis
592 4083 668 4144 forte
683 4084 801 4145 fortuna
819 4082 933 4152 obviam
953 4068 1133 4146 fit'llntthira
1148 4083 1185 4144 ab
1199 4061 1390 4144 Aldeubokeu

216 4191 307 4268 filius,
327 4192 440 4252 belinus
461 4189 643 4252 sseiniordie
665 4198 694 4251 et
708 4189 812 4266 Lada,
835 4191 942 4250 ordinis
962 4189 1000 4247 I).
1020 4189 1142 4248 Ioannis
1161 4187 1316 4263 Baptista,
1338 4190 1390 4263 qui

216 4297 279 4358 heri
293 4297 415 4372 primum
430 4313 448 4355 a
462 4295 640 4372 profectione
656 4313 692 4358 ex
706 4298 801 4357 insula
814 4296 907 4357 Malta
921 4310 952 4353 se
966 4309 1114 4353 reversum
1125 4298 1156 4353 et
1164 4293 1325 4368 Augustam
1338 4311 1387 4356 ve·

795 4433 811 4466 *

292 4525 303 4571 l
324 4483 418 4572 DIeses
437 4523 501 4572 mort
518 4519 585 4572 lenit
602 4519 638 4571 im
657 4530 733 4570 mser.
