3017 5225
708 410 771 496 ror

149 596 230 668 mina
244 595 324 678 rigat
337 601 368 682 et
380 591 495 654 hnctus
507 609 608 654 corum
626 594 658 653 in
677 592 793 652 climata
811 591 890 652 orbis
905 597 1049 660 terrarum
1068 593 1203 654 universa
1217 595 1322 669 permi-

148 706 232 768 nant.
262 701 303 760 Et
317 705 350 760 ιιι
363 700 437 760 Elisa
456 704 587 773 tempore
603 698 673 758 deus
694 698 749 758 sibi
769 697 864 758 adhuc
883 701 1044 759 reservavit
1063 704 1172 774 septem
1190 700 1280 760 millis
1293 702 1325 760 in

150 807 253 881 lsrael,
269 806 318 880 qui
331 821 428 880 pennu
441 819 539 864 coram
551 803 625 865 Baal
643 819 703 863 non
715 801 872 878 flexerant,
893 805 935 862 ito
958 809 988 864 et
1001 805 1056 864 hac
1070 810 1156 866 stete
1171 807 1247 866 bona
1269 801 1322 880 nos

151 926 219 992 spes
232 916 332 972 menet
348 907 359 945 ¹
374 912 487 984 aliquos
501 909 594 994 adbuc
617 925 767 984 superesse
783 908 963 982 christianos.
1001 911 1128 971 Necesse
1142 918 1186 972 est
1201 913 1276 971 enim
1293 919 1341 972 ut·

151 1031 217 1075 cum
232 1015 364 1076 Christus
378 1017 498 1091 venerit,
513 1017 640 1090 aliquem
653 1014 748 1074 adhuc
762 1013 849 1074 fidem
863 1015 1004 1098 reliquam
1018 1014 1154 1079 futurum.
1179 1016 1233 1089 Qui
1248 1019 1324 1076 enim

150 1118 236 1182 fieret
249 1122 372 1188 Paulum
387 1122 495 1180 dicere:
518 1121 579 1180 Nos
600 1122 650 1196 qni
663 1120 769 1196 reliqui
784 1121 899 1194 erimus,
916 1136 975 1180 non
988 1123 1194 1195 praeveniemus
1210 1125 1325 1196 eosqui

149 1225 312 1317 dormiunt,
336 1227 391 1286 sed
403 1228 511 1288 mortui
525 1225 753 1308 suscitabuntur,
770 1241 823 1286 nos
838 1241 907 1286 vero
923 1226 1135 1287 immutabimur
1150 1233 1257 1287 etcum
1272 1227 1323 1290 du·

144 1333 230 1420 ‚mino
241 1334 391 1412 rapiemur
405 1333 436 1392 in
449 1349 519 1393 aera
534 1338 586 1392 etc
626 1330 699 1390 Item
714 1329 845 1390 Christus
861 1332 942 1391 dicit:
960 1329 1018 1392 Ubi
1032 1331 1091 1391 duo
1108 1334 1214 1392 erunt
1206 1351 1236 1392 m
1252 1350 1323 1408 agro

150 1454 221 1510 nna,
237 1447 311 1498 unus
325 1444 487 1498 assumetur
502 1442 532 1496 et
545 1437 620 1498 alter
634 1437 815 1515 relinquetur
829 1443 882 1498 etc.
912 1437 1041 1497 Locutus
1052 1441 1100 1498 'est
1114 1445 1210 1498 autem
1226 1438 1262 1497 de
1276 1439 1322 1526 his

149 1542 239 1602 rebus
254 1549 284 1602 et
298 1543 353 1602 hoc
366 1540 461 1603 fructu
476 1543 636 1617 apostolico
650 1548 680 1602 et
694 1541 838 1618 quomodo
858 1548 1004 1618 utcunque
1024 1543 1207 1607 sevientibus
1222 1549 1322 1618 tyran-

151 1648 197 1706 nis
212 1648 302 1708 deleri
317 1665 376 1708 uon
389 1653 505 1724 queant.
543 1649 589 1709 Ea
607 1649 725 1722 spiritns
743 1650 839 1725 gratie
861 1650 963 1722 utpiis
978 1649 1067 1710 corda
1081 1665 1142 1724 ιιι
1157 1649 1259 1708 laetitia
1269 1665 1322 1723 ge·

150 1753 222 1841 stine
236 1755 299 1813 risa
314 1754 380 1829 sint,
397 1751 484 1840 deleo
494 1742 595 1813 'antem
610 1754 689 1828 quod
704 1754 835 1830 Christus
856 1753 911 1814 ait:
935 1754 1099 1829 »Quicquid
1113 1756 1255 1830 petieritis
1270 1771 1323 1830 pa·

149 1861 227 1916 trem
241 1846 272 1916 in
286 1841 401 1918 nomine
416 1875 489 1934 meo,
506 1860 587 1930 dabit
601 1859 718 1934 vobis«,
734 1861 776 1918 ait
790 1875 821 1921 se
836 1859 976 1934 proximis
991 1861 1175 1935 concionibus
1192 1863 1261 1920 satis
1278 1877 1324 1921 su·

149 1979 261 2036 perque
276 1963 415 2024 docuisse.
453 1965 519 2030 Huc
540 1971 637 2025 antem
652 1964 736 2027 uobis
750 1962 975 2038 respiciendum,
999 1970 1032 2023 ut
1050 1966 1081 2024 in
1097 1967 1279 2026 observantia
1294 1971 1324 2027 et

149 2083 293 2148 consensu
316 2070 463 2130 electionis
480 2069 590 2147 ,Christi
606 2076 829 2146 perseverantes
852 2069 962 2128 animos
985 2075 1099 2130 nostros
1113 2071 1144 2128 in
1157 2071 1324 2145 promissio-

148 2191 204 2234 nes
220 2174 327 2235 Christi
340 2162 461 2250 figani'ns
476 2181 507 2234 et
520 2192 635 2235 oremus
646 2177 732 2249 juxta
746 2159 924 2254 volunt-atem
939 2173 1060 2247 Christi3
1076 2181 1136 2234 tum
1153 2176 1227 2234 enim
1242 2191 1325 2249 noea

149 2257 399 2352 moderantius
412 2282 464 2355 iri,
481 2297 535 2340 nec
548 2298 621 2357 opus
636 2297 699 2342 esse
713 2281 761 2339 hic
775 2279 926 2338 sollicitum
942 2286 1005 2339 esse
1020 2278 1056 2338 ds
1071 2281 1252 2365 invocatione
1268 2280 1322 2346 ali·

151 2402 234 2446 orum
248 2392 444 2461 patronorum,
460 2393 512 2447 aut
526 2387 562 2446 de
575 2387 632 2447 hac
645 2404 679 2446 re
693 2387 840 2461 disputare
864 2402 897 2444 ac
906 2383 1013 2445 ¹eorum
1029 2384 1159 2445 oratione
1173 2402 1227 2461 per
1244 2384 1324 2444 Chri·
1392 2429 1402 2446 .

152 2497 228 2554 stum
242 2492 325 2553 nobis
339 2472 507 2568 praescripta
518 2492 582 2552 luce
594 2494 699 2575 clarius
709 2493 827 2567 liqueat,
843 2494 881 2552 ad
896 2509 981 2567 quem
991 2508 1080 2560 ⁴orare
1096 2492 1209 2567 etquid
1224 2498 1324 2570 petere

152 2598 316 2663 debeamus.
354 2598 434 2659 Idem
448 2597 588 2673 dominus,
603 2579 656 2657 rer
671 2604 701 2657 et
719 2597 860 2663 liberator
882 2603 981 2662 noster
996 2599 1081 2659 Jesus
1098 2598 1229 2658 Christus
1245 2615 1324 2669 mens

151 2709 182 2764 ct
187 2705 286 2779 imago
291 2705 383 2779 patris
393 2704 575 2779 ejusdemque
584 2702 660 2763 filius
665 2704 767 2779 unicus
775 2710 804 2763 ιι
813 2704 942 2779 dilectus,
957 2705 1015 2779 qui,
1028 2721 1092 2763 cnm
1098 2706 1220 2778 ipsemet
1226 2705 1264 2763 sit
1274 2720 1323 2763 re·

151 2808 234 2883 ritas,
249 2815 279 2867 et
292 2826 362 2869 rere
383 2809 455 2869 dixit
468 2808 591 2869 fructum
605 2812 802 2883 apostolorum
816 2825 981 2869 mansurum
997 2814 1026 2869 et
1044 2808 1183 2869 hactenus
1197 2792 1323 2867 ¹fructum

151 2915 341 3005 apostolicum
352 2919 568 2988 permanentem
582 2916 771 2989 conservarit,
783 2915 807 2973 is
820 2916 902 2975 nobis
918 2922 948 2975 et
959 2914 1067 2976 auxiho
1077 2921 1106 2975 et
1116 2914 1251 2988 prasidio
1262 2928 1325 2971 esse

151 3021 276 3105 veliunt
285 3020 362 3079 huuc
374 3037 454 3097 purae
465 3020 602 3086 doctriuae
612 3019 735 3081 fructum
743 3020 913 3080 inconcussa
927 3018 1024 3111 fidelet
1033 3022 1173 3081 charitate
1182 3036 1272 3093 usque
1288 3018 1326 3078 ad

50 3179 57 3193 ,
151 3130 311 3186 extremum
326 3127 392 3185 vitas
407 3126 526 3185 halitum
539 3128 756 3200 persentiamus,
768 3127 808 3184 nil
820 3126 967 3188 conterriti
982 3131 1026 3185 tot
1039 3132 1228 3199 tprannorum
1242 3125 1326 3183 minis

150 3235 183 3288 et
204 3216 452 3305 persecutionibus
474 3248 509 3291 ac
527 3248 564 3291 ne
585 3234 715 3307 priorum
737 3232 885 3319 doctorum
911 3230 1114 3295 traditionibus
1136 3247 1189 3290 neo
1212 3246 1329 3305 quoqne

150 3334 354 3422 hereticorum
374 3322 521 3396 erroribus
543 3337 733 3425 seducamur,
758 3352 816 3409 quo
841 3336 1044 3397 adveniente
1036 3352 1099 3409 rpso
1122 3334 1237 3394 domino
1262 3350 1326 3391 oum

152 3444 258 3528 ceteris
273 3443 397 3503 electis
383 3444 446 3521 rpsi
460 3444 574 3514 obviam
587 3443 734 3516 rapiamur
748 3442 779 3498 in
794 3457 880 3517 ιιιι,
903 3442 950 3499 cui
963 3456 1039 3499 nunc
1054 3446 1083 3499 et
1104 3441 1135 3500 in
1158 3444 1326 3514 perpetuum

151 3564 218 3610 oum
232 3546 286 3608 deo
300 3555 384 3624 patre
398 3554 466 3609 ets.
483 3549 566 3623 spirit
565 3564 586 3605 u
553 3548 693 3607 tombis
707 3546 744 3605 sit
758 3545 867 3621 honor,
882 3547 945 3606 lans
960 3551 990 3606 et
1004 3547 1106 3625 gloria.
1138 3545 1238 3604 Amen.

181 3718 185 3723 .
211 3653 215 3659 ’
242 3654 351 3730 Eadem
370 3651 597 3730 compererimus
615 3651 698 3713 nobis
717 3653 806 3729 libros
819 3651 901 3711 duos
916 3653 1115 3727 aenigmatum,
1140 3666 1212 3730 quns
1226 3648 1325 3709 Heda-

152 3760 261 3819 mariu's
280 3765 311 3819 et
324 3760 480 3835 collegerat
494 3765 524 3819 et
538 3760 664 3819 carmine
678 3740 860 3833 reddiderat,
884 3774 936 3831 pro
957 3756 1068 3818 duobus
1089 3757 1192 3818 batzis.
1214 3796 1216 3801 ,
1230 3753 1326 3843 Unum

152 3861 322 3939 Etrdorffio,
338 3865 461 3956 niterum
476 3865 601 3939 Semueli
616 3866 716 3939 nepoti
731 3863 807 3923 dono
821 3862 959 3921 dedimus.
997 3884 999 3887 ·
1097 3898 1100 3904 ·
1158 3861 1164 3873 '
1256 3848 1261 3856 ¹

227 3967 392 4031 Liborium
414 3970 459 4037 ad
468 3969 600 4044 Βιιιιιιιιι,
624 3969 823 4043 Milchlinpnm
844 3968 883 4028 ad
896 3966 1077 4026 Luderitium
1103 3967 1244 4038 misimus,
1275 3962 1327 4024 s'ed

153 4074 238 4147 ambo
253 4075 339 4143 domo
352 4073 514 4135 abfuerant.
553 4073 669 4138 Samuel
687 4089 778 4149 nepos
801 4072 880 4145 apud
894 4072 1063 4151 Anexonem
1078 4086 1142 4129 cum
1116 4068 1327 4184 quibusdam

153 4179 327 4242 electoribus
341 4184 471 4240 ooenatus
487 4187 539 4240 est
1058 4210 1075 4223 s

242 4283 378 4346 Liberius
391 4286 515 4378 luxuriei
530 4279 590 4347 suto
604 4286 711 4344 illicite
726 4268 933 4358 heteroclytum
948 4297 1062 4355 qnoque
1077 4284 1163 4397 caput
1177 4277 1298 4387 eddidit.

565 4423 571 4428 -
732 4406 748 4441 a

228 4493 369 4548 imonct'i
766 4470 769 4475 Α

197 4594 313 4641 uonna
461 4561 474 4579 ”
605 4575 621 4588 ”
800 4652 802 4659 χ
990 4568 995 4573 ’
1075 4584 1112 4640 11
1188 4620 1190 4625 ·
