3017 5225
777 413 852 481 w·

315 596 387 656 Risu
401 612 461 656 non
473 596 621 672 indignum
636 592 724 671 duco,
745 596 824 669 quod
836 594 1021 658 manucla
1033 592 1095 657 iiiia
1109 592 1285 671 sigismundi
1297 596 1398 672 hospi·

225 701 262 759 tis
277 702 379 777 nostri,
394 703 441 761 cui
455 701 493 761 ab
507 718 598 762 uxore
612 706 713 761 nostra
726 700 759 760 id
772 702 895 762 nominis
909 702 949 762 ad
961 700 1142 777 baptismatis
1154 700 1249 761 fontes
1263 702 1397 777 inditum,

223 805 337 866 viderat
356 813 469 881 patrem
488 808 640 894 sollicitum
664 806 700 866 de
724 821 758 865 re
784 807 924 867 culinaria
951 810 982 866 et
1001 805 1156 866 ffioenoem:
1178 807 1296 867 Utinam
1319 824 1400 869 uunc

223 908 317 971 ferina
331 912 414 973 nobis
429 917 519 988 esset,
543 917 577 973 ut
594 916 691 971 tentes
712 911 842 973 dominos
864 908 895 973 e't
909 911 1015 971 amieos
1035 928 1091 986 pro
1106 905 1248 986 'dignitate
1261 914 1399 988 excipere

224 1018 350 1091 posseml
379 1014 469 1077 filiola
490 1017 581 1091 patris
604 1017 825 1077 sollicitudinem
845 1016 1031 1078 considerans
1052 1017 1106 1077 ait:
1131 1017 1269 1092 Quidni
1290 1016 1399 1093 pater?

223 1138 275 1181 cnr
290 1129 335 1185 est
355 1122 432 1195 quod
452 1124 494 1182 ite
512 1121 549 1181 de
568 1119 663 1183 ferina
682 1127 801 1197 aestuas,
834 1136 898 1183 oum
917 1122 987 1181 mihi
1007 1123 1132 1197 supersit
1152 1138 1254 1183 saurus
1274 1121 1398 1183 noste?

222 1227 278 1287 Vel
296 1227 372 1286 hunc
391 1225 499 1287 confice
521 1233 551 1286 et
569 1244 642 1302 pare
662 1226 812 1288 obsonium
834 1228 866 1287 in
887 1228 1042 1287 adrentum
1061 1229 1243 1303 susceptricis
1257 1242 1329 1287 mere
1343 1227 1399 1287 do·

222 1331 308 1390 minse
317 1331 489 1393 hnasmsioe.
512 1330 602 1391 Pater
615 1332 757 1407 arridens,
772 1332 868 1392 Probe
878 1348 987 1408 mones,
1003 1332 1169 1393 charissime
1176 1330 1274 1407 filiola,
1289 1333 1397 1407 inquit,

223 1432 339 1497 sacrum
353 1443 433 1497 tumn
448 1438 478 1495 in
494 1435 572 1497 eliud
586 1442 699 1511 tempus
715 1438 900 1499 servabimus.

311 1543 360 1601 xix
375 1541 445 1601 Julii
467 1542 573 1601 litterae
591 1541 816 1604 renunciationis
841 1544 871 1600 in
889 1542 1034 1603 Arnstadt
1048 1542 1183 1617 aigilhtoe
1202 1548 1280 1603 sunt.
1315 1540 1396 1599 Nam

222 1646 351 1707 Lazarus
373 1646 520 1708 aurifaber
540 1663 576 1707 ex
599 1663 658 1707 aere
677 1649 760 1708 nobis
778 1648 884 1709 ibidem
904 1646 1028 1722 sigillum
1050 1647 1246 1722 exculpserat,
1269 1646 1315 1705 cui
1337 1660 1395 1719 pro

222 1768 312 1825 opera
335 1768 388 1812 sua
406 1749 545 1813 florenum
566 1769 696 1829 aureum,
728 1770 794 1817 uam
813 1755 854 1813 sic
873 1754 950 1815 iuter
969 1768 1023 1814 uos
1047 1757 1218 1814 conventum
1237 1756 1314 1826 erat,
1342 1749 1398 1810 de·

223 1856 327 1917 dimus.

311 1962 423 2023 Eadem
444 1962 474 2021 ln
494 1964 600 2037 templo
618 1964 760 2025 Bonifacii
778 1965 943 2027 conderem
966 1979 1079 2025 sacram
1099 1963 1258 2025 audivimus
1279 1978 1317 2023 ex
1330 1962 1396 2037 epi·

223 2069 297 2129 stola
308 2069 350 2129 ud
365 2066 493 2128 Galatas.
516 2070 596 2128 Inter
610 2075 708 2141 cetera
722 2071 901 2131 ecclesiastes
915 2071 1066 2144 propalam
1079 2069 1116 2129 de
1130 2067 1233 2129 fraude
1248 2065 1346 2128 caroli
1361 2068 1395 2125 in

222 2173 242 2233 J
242 2180 364 2235 oannem
378 2174 557 2235 hildericum
571 2175 738 2268 electorem,
763 2179 794 2233 et
812 2174 883 2249 quid
902 2175 1036 2251 papistici
1049 2190 1184 2249 proceres
1199 2173 1393 2247 simulassent,
1496 2235 1497 2238 ,

224 2281 337 2353 etquid
352 2297 428 2339 nunc
442 2280 479 2339 eb
495 2279 624 2339 omnibus
639 2295 727 2354 agere
742 2280 916 2355 viderentur,
931 2280 1130 2355 proclamavit

309 2379 464 2443 Redditnm
476 2390 524 2443 est
538 2372 621 2443 uobis
636 2389 665 2471 et
679 2384 780 2444 eadem
804 2385 1039 2461 chirographum,
1065 2384 1144 2459 quod
1158 2383 1281 2445 domme
1294 2380 1395 2442 socrui

222 2503 310 2561 super
318 2487 401 2572 'mille
415 2486 540 2549 florenos
555 2488 676 2560 antehac
692 2488 873 2549 dederamus.
1134 2566 1138 2576 ³

310 2592 439 2654 Emimus
453 2593 559 2654 ibidem
572 2594 678 2669 pileole
691 2595 813 2670 pellicea
828 2596 886 2658 duo
894 2597 925 2655 in
936 2613 1019 2659 usum
1029 2596 1262 2658 concionatorum
1268 2597 1393 2675 snostro·

223 2713 287 2758 rum
301 2699 331 2758 in
348 2698 478 2761 Gorbach
492 2707 522 2760 et
537 2700 682 2762 chunradi
698 2700 779 2762 Occi
1148 2755 1152 2758 .

308 2803 433 2868 Domina
448 2822 548 2866 socrus
568 2805 713 2867 nobilibus
727 2810 820 2873 nostri
840 2807 973 2868 famulitii
992 2807 1112 2880 singulis
1125 2806 1270 2894 indusium
1283 2804 1395 2864 lineum
1495 2806 1497 2811 “

222 2910 380 2970 collotenus
403 2915 467 2970 arte
488 2911 612 2986 phrygia
632 2910 776 2985 depictum
799 2917 829 2972 ct
850 2913 969 2987 singulis
992 2911 1081 2972 servis
1104 2927 1249 2972 nummum
1271 2925 1394 2970 aureum
1494 2894 1496 2953 Ψ

221 3013 296 3073 dono
311 3013 401 3074 dedit.

290 3149 293 3154 ·
309 3117 419 3179 Eadem
433 3120 463 3180 in
478 3119 669 3196 Ametadtiu
692 3121 824 3182 coenobio
845 3121 989 3195 quondam
1008 3079 1159 3184 vestalium
1172 3117 1211 3180 ad
1225 3135 1249 3178 s.
1263 3117 1393 3178 Mariam

221 3220 333 3292 dictum⁵
341 3225 521 3286 introeuntes
535 3225 674 3301 templum
696 3227 735 3286 ad
753 3228 855 3286 laram
876 3228 958 3287 chori
971 3227 1093 3286 vidimus
1107 3241 1207 3286 suum
1221 3224 1259 3286 ad
1273 3239 1392 3288 murum
1493 3220 1495 3297 ἑ

221 3335 361 3403 erectum,
382 3347 398 3390 e
417 3333 535 3406 regione
549 3331 689 3407 sepulcri,
712 3333 749 3392 in·
762 3349 820 3406 qno
839 3348 933 3392 comes
947 3332 1089 3393 Henricus
1104 3330 1335 3407 cataphractatus
1350 3328 1391 3388 ad

221 3435 315 3494 vivum
330 3437 440 3494 excisus
456 3443 514 3510 est,
534 3451 553 3494 a
573 3435 670 3497 fronte
689 3436 799 3498 hebens
819 3438 945 3512 insignia
960 3437 1104 3496 clivensis
1124 3441 1154 3496 et
1167 3435 1326 3507 Honstein,
1348 3433 1390 3492 ad

220 3539 308 3614 pedes
319 3540 448 3618 ,galeam
470 3544 584 3613 atergo
597 3542 722 3616 insignia
737 3542 956 3617 Schwartzburg
970 3546 1001 3601 et
1014 3538 1182 3612 Mansieldt,
1208 3535 1390 3599 hontemnus
1492 3530 1493 3537 '

222 3644 304 3715 quasi
317 3643 348 3700 in
360 3641 468 3704 tabella
482 3633 619 3716 scriptum
632 3646 698 3704 hoc:
722 3645 801 3706 Obiit
818 3647 913 3706 atatis
927 3662 986 3706 sua
1001 3643 1229 3719 quamagesima
1252 3645 1299 3703 sui
1310 3642 1388 3716 1⁰81·

221 3747 306 3806 minis
320 3747 448 3820 septimo.
487 3748 520 3806 In
535 3749 733 3824 quadrangulo
756 3751 888 3825 ejusdcm*
902 3752 965 3812 saxi
978 3749 1043 3810 haec
1058 3750 1216 3810 habentur:
1239 3747 1294 3807 hm
1309 3747 1391 3820 Tage
1491 3746 1493 3789 t

222 3850 341 3911 Henrici
364 3851 441 3912 deun
465 3851 604 3916 nwelfiien
627 3849 699 3914 Julii
722 3854 809 3916 Anno
835 3858 919 3916 1538
941 3857 980 3914 ist
1001 3853 1210 3933 Erileinrioh
1233 3851 1329 3914 dravo
1349 3868 1389 3910 ru

222 3955 460 4032 Schwartzburgk
479 3959 532 4018 har
551 3977 587 4019 zu
601 3959 742 4023 Arustadt·
760 3959 838 4020 vnnd
852 3958 1105 4021 Sunderszhausen
1123 3961 1155 4018 in
1174 3957 1245 4020 Gott
1259 3955 1388 4032 seliplich
1490 4014 1491 4031 ,

218 4061 412 4137 verschciden,
427 4063 492 4124 dem
507 4063 577 4125 Gott
590 4065 709 4140 genade
733 4064 812 4125 Obiit
824 4071 922 4124 autem
934 4066 966 4124 in
980 4069 1075 4124 castro
1089 4061 1239 4124 Armtadt.
1269 4063 1386 4137 Regna·
1490 4039 1491 4062 Χ

218 4165 261 4224 vit
286 4165 427 4230 Heuricus
455 4168 529 4230 alter
557 4184 632 4230 anno
663 4168 770 4229 domini
802 4171 896 4228 1488.
942 4169 1028 4228 huno
1058 4166 1167 4228 domini
1201 4167 1284 4228 1451
1307 4167 1389 4228 ,obiit

218 4266 382 4330 Guntherus
404 4273 521 4344 primus.
567 4273 652 4334 Anno
675 4272 783 4334 domini
809 4274 893 4334 1530
916 4274 988 4335 obiit
1010 4271 1175 4334 Guntherus
1195 4287 1266 4334 arus
1288 4271 1389 4333 uxama
1484 4320 1487 4331 .

217 4378 324 4434 nostra
338 4375 519 4438 Anastasia·
979 4364 981 4367 ⁵
1489 4364 1491 4369 ¹

305 4480 360 4540 Est
374 4486 404 4542 et
417 4471 624 4558 sarcophagum
643 4482 748 4547 ibidem
767 4499 805 4544 ex
818 4483 915 4561 lapide
929 4484 1032 4547 caleto
1050 4435 1181 4570 referem
1195 4496 1320 4562 corpora
1332 4495 1391 4558 par
1450 4522 1453 4526 -
1485 4436 1491 4517 ¹:
