3017 5225
766 428 812 513 50

198 620 265 687 uum
281 644 344 689 cum
357 626 417 689 lilio
432 634 482 689 tuo
497 624 647 689 benedicto
672 632 701 687 et
716 628 821 703 spiritu
840 635 957 702 sancto,
982 616 1042 687 sire
1057 624 1140 687 uobis
1156 642 1193 689 ex
1207 632 1290 703 uoto,
1314 629 1377 694 sive

197 750 279 793 secus
298 751 346 795 res
361 736 444 795 uobis
466 733 637 807 acciderint,
662 734 797 793 colamus.
836 733 894 793 Per
904 711 1054 793 Christum
1076 732 1222 793 dominum
1235 740 1374 793 nemum.

198 838 300 899 Arnen.
791 820 802 829 κ
1047 900 1050 904 .

201 948 204 955 “
285 944 395 1020 Eadem
404 944 526 1019 Hispani
541 943 718 1017 sepeliebant
732 943 875 1017 quendem
886 948 1053 1018 magnatum
1067 958 1104 1003 ex
1117 958 1218 1003 eorum
1231 941 1308 1017 albo,
1325 944 1376 1017 qui

196 1064 309 1109 crucem
323 1052 461 1125 purpurei
483 1050 587 1111 coloris
607 1050 638 1108 iu
652 1050 778 1109 restibus
793 1050 831 1109 ad
845 1056 945 1124 pectrrs
968 1055 1096 1123 gestasse
1117 1051 1303 1108 christianum
1321 1066 1376 1122 pu-

195 1160 267 1213 tant.
307 1153 381 1235 Cum⁵
392 1154 478 1229 hrrjus
493 1170 597 1229 corpus
617 1148 769 1213 infossam
790 1154 934 1229 sepulchri
953 1142 1168 1228 immitterent,¹
1180 1156 1272 1227 primo
1287 1152 1376 1214 secri-

195 1257 287 1335 liculi,
313 1258 417 1319 deiude
440 1265 545 1321 caetera
566 1260 653 1318 turba
672 1250 758 1319 lunas
777 1249 1009 1333 subsequentium
1028 1264 1165 1333 quantum
1183 1260 1250 1321 vole
1270 1259 1374 1322 manus

197 1368 285 1423 terrae
300 1366 544 1441 comprehendere
559 1370 703 1439 poterant,
720 1382 808 1440 super
821 1366 916 1440 ipsum
929 1364 1015 1425 iunus
1026 1366 1182 1438 jecerunt·
1195 1362 1310 1424 Deinde
1323 1379 1374 1423 ve·

196 1470 332 1544 spilloues
355 1470 460 1531 fossam
482 1476 562 1531 terro
583 1466 748 1545 replebant,
772 1471 853 1543 cujus
873 1470 976 1529 animae
989 1471 1166 1533 misereatur
1185 1471 1225 1544 is,
1248 1471 1298 1543 qui
1319 1486 1374 1531 no·

196 1576 239 1634 vit
253 1591 327 1635 eum.
762 1611 766 1618 «
1089 1630 1094 1644 ,
1212 1571 1215 1579 ’
1327 1560 1330 1563 ’
1417 1641 1426 1658 ,

251 1756 252 1761 ¹
284 1680 383 1740 Prima
405 1683 473 1755 meji
500 1682 528 1740 d.
551 1680 698 1742 Masculus
727 1680 766 1739 ad
794 1681 822 1739 d.
844 1680 1074 1745 Mauritiumex
1097 1697 1160 1756 cap.
1186 1682 1227 1746 14
1250 1680 1375 1754 Joannis

196 1786 258 1845 haec
271 1786 359 1844 verba
374 1777 550 1860 explanavit:
565 1786 611 1845 Ne
625 1783 759 1847 turbetur
773 1772 823 1845 cor
837 1791 964 1845 vestrum
979 1802 1073 1859 neque
1088 1785 1224 1845 formidet
1236 1789 1291 1845 ete.
1314 1785 1374 1845 Sed

197 1906 249 1951 nos
264 1892 356 1950 serius
370 1890 554 1951 advenientes
569 1892 664 1951 omnia
675 1890 754 1959 dicta
765 1892 827 1965 ejus
838 1908 897 1951 non
909 1893 1033 1953 assecuti
1045 1905 1151 1951 sumus.
1175 1882 1374 1962 Intercaetera

196 1988 292 2055 autem
308 1994 436 2070 dicebat,
452 1998 676 2071 perturbationis
693 2003 722 2057 et
735 1999 846 2056 timoris
861 1999 1058 2072 apostolorum
1071 1997 1136 2056 haec
1148 1996 1329 2086 potissimum
1341 1997 1373 2054 iri

171 2114 174 2120 ·
195 2101 395 2175 cucurrisse,
412 2101 479 2161 dum
492 2102 649 2163 audiissent
663 2102 809 2163 dominum
821 2103 857 2163 ab
873 2104 909 2162 iis
923 2103 1164 2178 discederemus,
1179 2100 1373 2176 ignorantiam

195 2206 305 2267 scilicet
320 2212 349 2267 et
364 2209 591 2281 expectationem
615 2210 725 2267 terreni
744 2209 864 2281 alicuius
879 2209 975 2290 regni,
998 2210 1029 2268 iu
1045 2224 1102 2281 quo
1117 2210 1195 2283 ipsos
1210 2222 1242 2266 se
1256 2198 1372 2271 domino

196 2312 226 2371 in
244 2312 407 2386 principatu
423 2294 479 2388 (se)
499 2314 689 2385 proximiores
709 2310 823 2373 futuros
840 2329 921 2388 spem
939 2314 1034 2372 animo
1054 2300 1259 2388 conceperant,
1282 2306 1373 2373 ambil

195 2418 302 2476 tionem
317 2433 431 2490 quoque
446 2418 523 2475 utin
537 2415 603 2475 filiis
619 2416 752 2509 Zebedtei
772 2434 825 2492 per
839 2423 960 2477 matrem
975 2435 1075 2479 eorum
1088 2435 1162 2479 unus
1177 2418 1215 2480 ad
1229 2418 1370 2489 dextram,

196 2522 269 2593 elius
279 2521 318 2580 ad
327 2520 471 2580 sinistram
480 2518 580 2581 sedere
591 2528 708 2596 possent
717 2522 879 2596 petentibus
891 2523 992 2597 liquet.
1012 2524 1084 2584 Item
1100 2526 1215 2584 inutiles
1230 2529 1260 2583 et
1272 2517 1372 2596 super·

195 2643 337 2687 vacaneas
355 2627 488 2686 tristities
503 2629 572 2699 etc.;
600 2629 669 2685 item
688 2625 775 2702 longe
798 2630 885 2689 aliem
909 2629 1015 2690 Christi
1040 2630 1148 2693 domini
1165 2617 1255 2690 inisse
1274 2627 1373 2689 condi·

196 2735 316 2808 tionem,
342 2733 390 2806 qui
406 2733 547 2807 omnium,
571 2749 634 2807 quae
649 2733 692 2791 illi
707 2734 869 2794 acciderent
888 2739 918 2794 et
932 2735 970 2796 ed
983 2732 1069 2810 ouem
1087 2735 1174 2810 finem
1193 2736 1373 2810 pertinerent

195 2840 332 2914 praesoins
354 2844 430 2912 erat,
452 2822 587 2898 hebuisse
607 2855 677 2898 vero
697 2829 851 2913 discipulos
871 2842 979 2901 nullam
999 2843 1043 2900 sui
1063 2841 1170 2902 doloris
1190 2845 1240 2900 out
1252 2822 1371 2899 'timone

191 2946 298 3017 justam
308 2959 431 3003 causam.
454 2943 500 3002 De
513 2945 615 3004 timore
630 2944 705 3003 hanc
720 2945 932 3007 similitudinem
947 2946 1101 3006 adducens.
1122 2932 1206 3006 'Sicut
1219 2945 1250 3002 in
1261 2941 1371 3003 fluento

194 3049 311 3109 turbide
325 3047 439 3108 reddita
454 3065 529 3123 aqua
543 3047 648 3108 fundus
664 3049 756 3110 videri
774 3067 832 3110 non
847 3056 956 3126 potest,
977 3048 1008 3112 e't
1020 3053 1052 3110 in
1065 3049 1263 3125 limpidissimo
1272 3039 1367 3121 'fonte'

195 3133 220 3212 si
235 3169 324 3227 aquas
337 3153 594 3227 moveaeelsritas
610 3171 667 3214 non
682 3161 818 3230 apparet,
834 3158 876 3215 ite
889 3157 920 3214 in
935 3156 1023 3217 corde
1041 3155 1164 3216 hominis
1182 3155 1286 3214 timore
1300 3169 1369 3229 per·

194 3257 306 3320 turbati
323 3257 511 3332 cogitationes
526 3274 607 3333 purae
623 3265 652 3318 et
666 3261 812 3334 praeclarae
827 3278 884 3320 non
900 3236 1041 3321 oriuntur.
1059 3278 1062 3285 ’
1076 3245 1160 3332 Quod
1173 3264 1270 3318 autem
1283 3259 1369 3319 disci·

195 3362 255 3436 puli
277 3363 388 3423 timoris
408 3363 453 3421 sui
475 3365 596 3424 eausam
609 3382 668 3426 non
683 3366 852 3439 habuerint,
876 3365 929 3424 hos
949 3368 1077 3442 rationes
1096 3364 1232 3425 reddidit.
1270 3365 1369 3423 Primo

195 3467 272 3544 quod
280 3466 425 3528 dominum
433 3469 502 3548 ipsis
514 3469 639 3529 »Pacem
648 3487 740 3530 meam
750 3470 787 3530 do
796 3471 886 3544 vobis,
903 3447 1003 3546 pacem
1013 3486 1107 3529 meam
1120 3454 1252 3543 reuhqio
1264 3467 1367 3528 vobis«

193 3571 299 3632 dixisse
311 3578 459 3633 noverant.
484 3575 624 3648 Secundo,
641 3576 756 3635 temetsi
767 3575 885 3637 ustids
897 3593 932 3637 ex
941 3576 1006 3650 hoe,
1022 3575 1100 3649 quod
1114 3574 1245 3635 dominus
1256 3573 1370 3649 dixerat

194 3672 315 3737 llam«
326 3675 551 3753 affsoiherant
559 3679 721 3738 meminisse
729 3683 826 3741 tamen
833 3679 984 3753 debebant,
993 3679 1114 3740 eundern
1123 3666 1238 3756 quoque
1247 3679 1366 3744 dixisse:

196 3782 322 3861 »Iterum
331 3773 415 3841 venio
430 3783 469 3842 ad
479 3771 553 3841 uos«
565 3789 619 3870 ete.
639 3783 752 3859 Tertio
766 3784 844 3857 quod
859 3801 903 3857 ea,
918 3801 983 3858 quae
992 3785 1106 3846 Christo
1121 3791 1260 3845 eventura
1275 3788 1367 3856 mant,

193 3887 263 3946 nihil
277 3887 333 3945 illis
347 3887 467 3961 periotdi
482 3887 606 3947 allatura
623 3874 739 3947 essent
750 3886 832 3947 Nihil
846 3885 921 3949 enim
934 3889 965 3949 id
977 3892 1115 3966 temporis
1130 3891 1187 3950 illis
1202 3885 1303 3948 dumus
1317 3894 1368 3947 aut

191 3993 260 4051 mali
277 3991 388 4051 illatum
402 3996 456 4064 est,
471 3991 539 4049 licet
552 3973 653 4065 postea
664 3994 801 4066 temporis
813 3991 825 4028 ¹
839 3991 982 4068 praefinito
995 3995 1035 4055 oh
1045 3995 1151 4056 Christi
1164 3996 1286 4069 gloriam
1300 4009 1367 4062 aun·

192 4097 305 4169 guinem
319 4112 402 4156 suum
416 4093 576 4154 effuderint.
614 4079 772 4158 Postremo⁴
785 4100 841 4158 etsi
855 4099 925 4172 quid
946 4100 1086 4173 ejusmodi
1108 4099 1227 4160 sufferre
1249 4090 1364 4159 debuis-

191 4187 263 4276 sent,
274 4215 414 4259 memores
424 4204 519 4257 tnmen
530 4205 560 4258 et
569 4215 617 4259 eos
627 4205 656 4260 et
665 4217 759 4262 causae
769 4221 828 4262 susc
838 4204 973 4266 bonitatis
986 4205 1176 4280 etverborum
1186 4203 1292 4264 chdsti
1300 4215 1365 4261 esse

190 4305 318 4378 oportuit
326 4309 380 4364 eto.
395 4303 529 4362 inserens
544 4305 663 4380 insuper
677 4307 713 4367 de
728 4307 857 4370 bonitate
873 4309 976 4385 cause,
989 4291 1074 4385 quem
1088 4309 1268 4384 professores
1278 4321 1385 4377 evan(

697 4443 787 4480 ¹s
903 4447 1104 4464 ··

267 4531 278 4575 1
300 4528 436 4595 'itempore
451 4525 587 4595 prefinito.
