3017 5225
714 432 755 536 ss

144 643 298 726 asterius
312 652 415 712 animae
430 634 572 726 propitius
587 654 625 710 sit
640 652 779 711 dominus.
823 654 850 712 A
865 655 963 727 coquis
979 656 1180 732 landtgraviae,
1203 654 1317 718 doloni-

145 758 258 816 eusium
274 763 303 816 et
318 757 428 817 comitis
442 774 462 817 a
475 757 590 818 Nassau
606 755 721 817 funebri
734 773 840 832 pompa
853 759 984 832 sepultus
1005 767 1056 820 est.
1089 762 1200 822 Eadem
1216 769 1245 821 et
1259 769 1318 822 tres

144 861 196 920 alii
211 863 275 934 ipsa
288 841 343 924 bac
357 868 442 922 nocte
457 859 601 921 interfecti
617 867 684 921 sunt
699 868 729 921 et
742 863 864 922 Martini
879 865 938 922 coci
955 865 1252 940 sepulchro-impositi.

224 961 273 1039 *xij
290 967 363 1040 Maji
378 968 409 1025 in
422 968 532 1041 templo
546 967 677 1026 Mauritii
698 966 726 1026 d.
751 967 899 1026 Masculus
920 967 956 1027 de
977 971 1173 1056 amputatione
1196 974 1261 1030 vitis
1284 989 1320 1030 ex

145 1087 210 1144 cap.
220 1087 257 1130 xv
264 1071 385 1131 loannis
400 1070 585 1130 concionatus
601 1075 653 1144 est,
670 1071 760 1131 multa
776 1071 812 1130 de
826 1073 955 1132 bonitate
970 1076 1061 1146 patris
1070 1076 1195 1135 eoelestis
1211 1075 1330 1151 dicens,¹

144 1175 196 1246 qui
218 1191 276 1232 non
297 1177 394 1234 statim
414 1176 547 1248 palmites
567 1181 710 1249 amputet,
740 1175 791 1236 sed
813 1177 850 1236 ad
865 1167 961 1237 =annos
981 1179 1091 1252 aliquot
1110 1181 1270 1254 poeniteudi
1290 1188 1318 1240 et

144 1278 317 1338 emendandi
338 1265 461 1354 spatium
482 1281 706 1367 misericorditer
724 1282 862 1342 conce‘dat
877 1289 931 1342 etc.
963 1282 1036 1342 Item
1059 1284 1094 1343 de
1114 1286 1273 1357 improvida
1289 1293 1327 1349 et.

143 1378 287 1457 praecipiti
302 1386 512 1458 amputatione,
540 1367 597 1458 qua
611 1385 642 1443 bi
657 1391 786 1458 utuntur,
812 1388 860 1459 qui
876 1391 907 1445 se
922 1387 1050 1446 eeclesiae
1065 1388 1272 1462 gubernatores
1288 1369 1318 1450 et

144 1489 241 1560 capita
255 1490 416 1561 gloriantur
435 1494 465 1547 et
483 1489 585 1548 haberi
603 1491 715 1563 volunt,
736 1488 767 1550 et
788 1492 910 1550 maxime
930 1491 1001 1551 illud
1021 1492 1159 1566 urgebat:
1179 1493 1316 1552 «Omnem

143 1594 293 1667 palmitem
306 1585 446 1651 ferentem
460 1591 583 1651 fructum
599 1595 629 1652 in
638 1611 713 1673 me,»
731 1601 815 1669 pater
830 1597 973 1669 purgabit,
990 1598 1085 1657 multis
1098 1598 1316 1658 evidentissimis

144 1684 322 1770 argumentis
339 1699 549 1770 demonstrans,
571 1714 656 1770 quam
674 1715 732 1758 uon
752 1701 790 1759 sit
804 1701 878 1760 udus
894 1703 1056 1761 mortalium
1067 1705 1117 1761 rel
1131 1705 1217 1762 etiam
1231 1721 1326 1764 sanc.

140 1804 268 1863 tissimus
285 1800 406 1875 quisque
417 1787 501 1859 'omni
520 1807 649 1875 exparte
661 1783 793 1877 muudus,
808 1805 985 1877 juxtaillnd:
1004 1807 1313 1882 «Quispotestdicere,

142 1912 255 1968 castum
270 1911 315 1966 est
328 1922 378 1965 cor
391 1905 525 1965 meum‘l»
545 1906 638 1966 obiter
651 1907 705 1968 hos
720 1915 832 1982 mans,
845 1911 894 1982 qui
909 1917 1022 1970 sanctos
1039 1916 1165 1971 mortuos
1181 1914 1314 1972 invocare

143 2014 340 2085 imaginesque
356 2027 456 2070 eorum
473 2011 568 2070 colere
583 2013 751 2086 docuerunt,
766 2015 923 2073 obtieentes
939 2015 1015 2088 ipsos
1031 2032 1144 2088 quoque
1160 2017 1314 2102 aliquando

143 2122 310 2191 peccatores
325 2116 423 2189 fuisse,
440 2118 600 2191 exemplum
614 2117 733 2177 Davidis
749 2119 908 2192 adducens,
936 2121 986 2191 qui
1006 2108 1189 2180 extra'ritem
1204 2122 1313 2195 palmes

144 2223 275 2294 peccavit
288 2223 319 2280 in
334 2218 476 2280 adulterio
491 2239 555 2280 eum
569 2223 717 2283 Bethsaba
736 2228 766 2282 et
787 2225 817 2282 in
833 2222 988 2283 occidendo
1004 2224 1076 2284 Uria
1094 2242 1147 2298 per
1162 2227 1261 2284 literas
1276 2227 1314 2285 ad

142 2325 220 2385 Joab
235 2332 290 2390 etc.
313 2326 371 2385 Sed
385 2332 470 2399 pater
489 2328 630 2401 benignus
649 2345 714 2388 eum
729 2331 871 2402 purgavit,
894 2334 926 2387 ut
940 2347 1040 2388 rursus
1055 2330 1175 2403 largiter
1190 2329 1323 2390 fructum,

140 2431 170 2488 iu
186 2425 244 2489 vite
259 2428 357 2489 ferret.
394 2431 539 2490 Interdum
561 2434 666 2491 electos
686 2449 722 2492 ne
747 2436 777 2490 in
793 2434 875 2492 denis
891 2434 1072 2506 superbirent
1087 2435 1133 2494 vel
1148 2436 1313 2494 recalcitra·

139 2541 215 2608 rent,
231 2538 305 2594 sieut
319 2535 413 2595 Paulo
427 2536 512 2596 datus
527 2543 571 2597 est
586 2538 717 2596 stimulus
733 2539 866 2597 incarne
883 2544 912 2597 et
928 2539 1036 2599 Sathan
1052 2557 1116 2598 eum
1132 2525 1321 2615 colopbisans

138 2646 196 2699 etc.
219 2640 270 2699 sit
284 2657 415 2725 qnoque,
438 2644 512 2702 sieut
531 2642 712 2726 putredinem
727 2646 873 2717 corporis,
898 2646 940 2703 ita
955 2651 985 2704 et
999 2647 1100 2704 animae
1116 2647 1246 2705 similiter
1260 2648 1312 2706 du·

139 2746 244 2820 plicem
259 2763 338 2820 esse,
364 2762 445 2820 eam,
467 2764 530 2819 quae
553 2733 631 2807 seuit
651 2746 729 2807 foras
751 2750 791 2807 ad
811 2766 914 2824 corpus
939 2756 968 2809 et
983 2767 1045 2809 earn
1061 2768 1125 2825 quae
1141 2761 1177 2809 ex
1192 2767 1313 2825 corpore

139 2842 280 2923 procedit.
318 2851 409 2936 Primi
426 2854 541 2925 generis
563 2858 630 2911 sunt
651 2850 737 2911 foetor
751 2854 797 2912 vel
817 2857 927 2913 stercus
942 2856 1044 2915 calceis
1060 2856 1209 2915 adhaerens
1225 2861 1254 2915 et
1268 2857 1312 2914 his

139 2955 254 3014 similia.
275 2952 418 3015 'Secunda
433 2956 593 3029 putredinis
613 2960 723 3030 species
738 2962 810 3017 sunt·
820 2960 938 3034 pituita,
963 2960 1097 3034 sudores,
1122 2961 1313 3035 graviolentia

138 3057 246 3118 halitus
261 3057 291 3118 et
304 3062 329 3118 si
343 3060 413 3132 qnid
427 3057 527 3119 alium
542 3062 668 3121 sordium
683 3059 731 3138 sit,
744 3080 764 3127 a
777 3064 877 3136 quibus
889 3062 959 3123 foris
975 3068 1085 3126 animus
1102 3067 1310 3139 coinquinetur,

139 3165 232 3235 quadr
246 3154 424 3226 estmorbus
445 3166 577 3241 apravis
599 3150 746 3241 colloquiis
768 3173 796 3226 ¹at
816 3170 902 3241 impio
925 3170 1058 3229 sodalitio
1075 3176 1246 3242 contractus,
1263 3171 1312 3229 ab·

138 3270 216 3325 intus
231 3285 302 3328 vero
317 3272 399 3329 malae
415 3265 603 3346 cogitationes
619 3280 650 3331 et
665 3273 846 3330 conscientiae
862 3274 989 3331 maculae.
1006 3276 1045 3335 Et
1054 3272 1192 3347 proiecto,
1209 3276 1310 3348 inquit,

139 3372 247 3440 diversi
262 3363 330 3433 sunt
343 3368 420 3435 modi
434 3378 576 3452 sordium,
597 3396 665 3437 nam
679 3378 743 3435 aliae
759 3377 822 3434 aliis
838 3384 868 3437 et
882 3376 952 3435 foris
973 3383 1002 3435 et
1016 3380 1092 3437 intus
1107 3378 1236 3437 tenacius
1252 3378 1310 3434 hae-

139 3482 216 3535 rent.
254 3478 328 3536 Nam
345 3457 449 3553 siquis
471 3482 582 3541 calceos
604 3479 804 3555 maculaverit,
826 3484 857 3539 in
874 3481 987 3540 domum
1003 3484 1148 3557 optimatis
1164 3465 1311 3555 cujusdam

137 3582 249 3640 intrare
263 3582 362 3642 rolens
378 3584 476 3661 (modo
491 3575 628 3645 honestus
642 3586 686 3643 vir
701 3583 752 3659 sit)
776 3587 922 3659 pulverem
945 3591 1095 3660 extergere
1108 3588 1198 3660 jubet.
1237 3572 1320 3645 Alite*

137 3702 207 3746 vero
219 3687 323 3753 ⁴sordes
339 3689 423 3746 aliam
439 3680 639 3763 purgationem
653 3692 813 3762 requirunt.
863 3692 937 3753 Nam
951 3694 982 3750 in
997 3692 1147 3765 putredine
1162 3694 1310 3755 vulnerum

136 3790 171 3850 fir
185 3792 283 3851 sertio.
308 3792 353 3852 lta
367 3795 498 3869 vinitor,
511 3797 561 3867 qui
575 3797 671 3853 omnia
685 3798 777 3869 novit,
803 3797 890 3855 alium
904 3798 967 3871 bac,
984 3799 1107 3857 alterum
1122 3800 1172 3857 illa
1187 3791 1311 3871 purgare

137 3898 220 3955 norit
234 3898 294 3969 via3
303 3898 336 3955 is
352 3898 461 3973 durius,
478 3901 524 3957 hic
538 3901 635 3958 mitius
650 3899 688 3958 ab
703 3916 738 3957 eo
753 3906 904 3975 tractatur,
922 3917 1036 3977 semper
1049 3906 1147 3961 tamen
1161 3896 1192 3959 in
1207 3903 1311 3961 bonum

35 4070 39 4075 ⁴
136 3987 202 4059 sui,
222 4001 263 4059 Et
275 4008 371 4076 certe,
396 4005 452 4077 ait,
467 4004 553 4063 haud
572 4020 636 4061 eum
660 4004 816 4063 christiano
837 4006 1082 4080 nomine‘dignum
1098 4008 1238 4081 duxerim,
1263 4009 1319 4080 qui·

136 4108 249 4183 calceos
264 4106 431 4181 abstergere
447 4110 542 4183 novit,
566 4115 596 4167 et
609 4126 668 4168 nou
683 4125 780 4168 secum
794 4111 1010 4183 recogitaverit,
1030 4113 1055 4169 si
1071 4104 1311 4184 quammaculam

136 4200 319 4271 meselemia
334 4214 507 4286 accepisset,
520 4218 629 4276 utcam
644 4213 799 4286 aliquando
815 4227 940 4288 purgare
956 4222 1078 4288 satagat.
1117 4206 1244 4277 Putredo
1260 4202 1310 4276 au'-

135 4320 194 4373 tem
207 4316 259 4377 illa
274 4334 333 4376 non
348 4320 427 4375 venit
447 4334 484 4375 ex
503 4319 599 4390 stipite
619 4334 673 4375 nec
688 4334 724 4376 cx
745 4319 844 4377 radice
861 4326 912 4378 aut
925 4321 1014 4379 nobili
1030 4337 1045 4379 e
1061 4338 1145 4379 succo
1160 4322 1235 4395 vitis,
1259 4322 1311 4379 sed

136 4436 174 4479 ex
188 4420 410 4494 degeneratione
425 4407 581 4493 palmitum.
611 4400 759 4481 Praeterea
775 4426 994 4497 meminerimus,
1019 4428 1043 4482 si
1059 4443 1116 4497 qua
1131 4440 1149 4509 a
1163 4426 1309 4497 benignis·

136 4526 207 4583 simo
222 4530 306 4597 patre
325 4542 396 4596 crux
416 4526 499 4585 nobis
520 4528 698 4601 imponatur,
723 4527 751 4585 id
776 4506 840 4593 fieri
855 4530 886 4586 in
901 4529 1101 4602 purgationem
1116 4530 1222 4587 veteris
1236 4527 1309 4586 Adae

180 4643 295 4694 unsar.
1078 4634 1095 4689 6
