3017 5225
727 505 790 618 aas

164 688 339 762 plectuntur,
358 704 421 746 cum
436 688 558 747 maximo
571 687 687 746 intersit
700 693 809 760 eorum,
834 687 883 759 qui
899 686 937 746 ad
951 686 1145 766 gubernacula
1159 687 1269 762 sedent,
1284 704 1337 762 pu-

166 792 224 852 niri
239 793 303 852 hoec
322 794 440 852 scelera.
480 793 538 852 Sed
558 793 629 867 quid
648 778 764 852 hami
785 792 839 863 ait;
862 807 910 850 res
930 796 999 854 eunt
1017 797 1049 850 ut
1069 799 1188 864 possunt
1211 791 1340 868 (nolebat

166 898 242 955 enim
258 897 430 956 camerinam
445 898 523 981 illam
538 898 687 957 ibororum
702 902 732 957 et
740 895 949 955 Germanorum
965 878 1078 969 duoque
1091 899 1186 956 acrius
1201 897 1337 974 movere),

168 1003 334 1063 absterrcns
349 1016 464 1075 quoque
479 1002 613 1075 apposita
627 1002 763 1061 antithesi
779 1001 815 1060 de
836 1003 880 1060 ira
895 1006 924 1060 et
939 1003 1134 1073 contentione,
1151 1003 1337 1078 potissimum,

165 1124 232 1164 cum
246 1107 334 1164 sinnas
348 1103 400 1164 filii
415 1108 493 1178 pacis
508 1112 538 1166 et
552 1105 727 1180 concordiae,
753 1121 790 1164 ne
812 1102 895 1164 hana
917 1107 997 1164 carni
1013 1113 1119 1166 noema
1134 1107 1337 1183 relaxaremus,

166 1208 431 1270 commonefaciens.
469 1210 546 1269 Nam
560 1212 585 1269 si
599 1211 642 1269 illi
655 1198 846 1284 hlandiemur,
871 1216 950 1270 certe
966 1211 1106 1270 discurret
1120 1213 1150 1270 in
1166 1219 1248 1272 omne
1263 1229 1337 1290 prar-

165 1319 284 1389 ruptum
300 1320 329 1373 et
343 1310 472 1388 praeccps
486 1315 630 1375 vitiorum.
665 1315 721 1374 Sed
736 1303 839 1377 desum¹
853 1291 997 1374 Christum
1019 1317 1169 1390 imitemur,
1195 1317 1271 1389 quod
1286 1334 1337 1377 no·

165 1419 211 1478 his
223 1435 277 1493 per
293 1419 413 1478 eundem
437 1420 571 1480 dilectum
592 1415 681 1479 filium
704 1437 787 1479 snum
809 1412 1039 1492 pster'coelsstis
1062 1422 1161 1494 largiri
1185 1425 1215 1479 ct
1235 1423 1266 1480 in
1281 1423 1337 1495 spi·

166 1523 228 1583 ritu
242 1541 265 1582 s.
282 1539 335 1584 sno
350 1539 451 1598 regere
466 1524 554 1587 corda
568 1532 668 1585 nostra
684 1526 828 1600 dignetur.
851 1525 953 1584 Amen.
1031 1528 1033 1537 ’

207 1609 212 1614 ’
258 1629 368 1690 Eadem
384 1615 539 1690 chunrado
554 1647 573 1689 a
589 1630 763 1690 Schonstsdt
786 1631 898 1690 litteras
922 1631 960 1690 ad
976 1631 1118 1691 dominam
1134 1646 1254 1706 socrum,
1272 1633 1337 1692 clus-

166 1752 230 1792 ram
245 1732 394 1808 conjugem
413 1736 443 1794 et
463 1740 579 1796 nostros
600 1736 677 1795 domi
696 1737 813 1796 relictos
836 1727 990 1798 dedimus(
1013 1737 1149 1796 Gl'aserus
1173 1741 1286 1813 quoque
1301 1738 1339 1800 ad

165 1838 428 1913 Heiusbergeuses
441 1841 586 1914 principes
602 1841 778 1915 perscripsit.
802 1841 950 1900 Liboriam
966 1841 1004 1901 ad
1018 1845 1149 1902 comitem
1155 1843 1338 1903 Wilhelmum

168 1939 315 2012 misimus.
1202 2009 1207 2016 ,

255 2049 345 2108 Venit
359 2049 474 2108 Samuel
494 2065 584 2123 nepos
602 2055 706 2109 noster
721 2049 771 2109 'illi
790 2065 808 2109 a
827 2049 932 2108 nummo
954 2050 1101 2110 Ostiorum
1124 2047 1262 2126 principis
1278 2055 1337 2127 jam

163 2145 228 2214 'tum
243 2158 275 2215 in
290 2154 387 2228 platea
401 2154 592 2229 presentibus
613 2159 717 2213 comite
731 2153 886 2214 Wilhelmo
905 2171 923 2212 a
939 2155 1051 2223 Nassau
1072 2160 1101 2213 et
1120 2155 1231 2214 Joanne
1246 2157 1336 2216 Rhet-

163 2260 269 2342 hergio
284 2260 391 2318 dictum
406 2252 486 2333 esse,
502 2258 645 2318 dominam
659 2261 819 2334 principem
834 2259 871 2318 ad
886 2254 1019 2318 maritum
1036 2260 1249 2334 landtgravium
1265 2278 1336 2322 non·

167 2367 237 2424 dum
250 2360 417 2436 admissam,
438 2365 490 2430 sed
509 2382 569 2423 non
590 2364 691 2440 procul
711 2367 743 2423 in
758 2365 894 2440 oppidulo
912 2365 996 2438 juxta
1010 2365 1153 2424 Heilbrun
1167 2383 1230 2424 eam
1244 2366 1337 2426 adlruc

167 2471 339 2544 mansitare,
363 2470 495 2542 huncque
514 2470 644 2528 nandum
658 2471 769 2529 misisse
784 2470 821 2530 ad
835 2469 1055 2544 impetrandum,
1071 2481 1127 2544 quo
1142 2469 1216 2528 liber
1230 2471 1336 2544 ipsiad

167 2577 302 2636 maritum
323 2579 399 2634 esset
412 2574 523 2649 aditus,
544 2588 696 2649 secumque
716 2577 897 2637 constituisse
917 2591 952 2635 ex
971 2576 1016 2635 his
1039 2577 1097 2636 oris
1112 2591 1170 2635 nou
1185 2577 1338 2637 excederet

166 2680 331 2761 ni'sidendi
345 2681 428 2753 copia
443 2682 471 2737 ei
485 2677 579 2739 tieret
615 2675 620 2685 “
1128 2675 1141 2703 ·’

256 2786 281 2845 0
295 2786 439 2859 Fortuna,
459 2784 606 2858 Fortuna,
622 2788 654 2843 ut
668 2801 721 2844 nos
734 2784 863 2860 propila
874 2784 983 2843 habes.
1023 2786 1154 2859 Respice,
1171 2784 1292 2858 domine,
1308 2794 1338 2847 et

166 2892 319 2961 miserere3
344 2886 460 2949 tandem
473 2892 584 2963 tempus
599 2890 748 2964 surgendi,
764 2891 839 2962 ueni,
856 2890 979 2964 domine,
996 2896 1025 2949 et
1036 2890 1134 2963 judica
1148 2893 1271 2952 terram!

256 2995 408 3069 Philippus
423 2996 556 3067 princeps
571 3012 636 3053 cum
649 2996 748 3055 videat
768 3012 799 3053 se
814 2993 951 3068 undique*
963 2994 1093 3056 delusum
1108 3010 1144 3053 ex
1157 2996 1336 3071 impatientis
1428 3048 1430 3054 Α

151 3092 196 3159 ὀι
210 3100 310 3159 morbo
330 3094 482 3175 phraenesi
495 3081 630 3159 laborare
644 3102 791 3159 metuitur.
830 3100 902 3175 Spes
922 3099 1092 3160 afflictorum
1106 3103 1185 3161 Deus
1208 3099 1293 3161 st‘illi
1308 3107 1336 3161 et

164 3193 249 3263 nobis
264 3204 373 3265 adesto.
896 3203 898 3209 ¹
1099 3272 1103 3277 ,

207 3330 212 3337 ’
254 3308 410 3369 Mauritius
426 3308 485 3367 dux
498 3310 678 3370 Saxouiae‘et
691 3326 781 3383 gener
795 3306 943 3369 cattorum
959 3310 1095 3393 principis
1111 3309 1261 3369 simulator
1275 3328 1334 3370 ma-

166 3414 260 3473 ximus
274 3412 461 3490 consiliarios
469 3429 536 3472 suos
551 3416 656 3473 sensim
671 3430 689 3473 a
704 3414 820 3473 domina
834 3415 964 3501 principe
979 3417 1107 3473 amovit,

163 3562 170 3570 ,
254 3517 367 3577 Eadem
380 3518 556 3577 licentiatum
571 3519 720 3579 Nicolaum
735 3518 832 3579 Maier
847 3519 1002 3579 invisimas.
1105 3526 1106 3531 ’

255 3620 391 3681 Gomara
403 3622 520 3683 Nassau
532 3624 589 3683 hoc
603 3623 652 3683 dic
665 3641 727 3683 cum
743 3623 910 3698 proceribus
925 3624 1035 3697 aliquot
1044 3624 1168 3698 aulicis,
1179 3639 1251 3696 quos
1266 3641 1333 3684 con·

162 3728 241 3787 rivio
257 3732 429 3801 excepturus
444 3734 522 3801 erat,
544 3726 580 3787 de
603 3730 720 3803 neacho
734 3734 835 3787 nostro
858 3742 944 3802 agere
960 3730 1060 3789 voluit.
1099 3729 1156 3789 Sed
1170 3736 1271 3803 postea
1284 3724 1334 3789 'ex-

163 3833 240 3907 pcr'ti
260 3849 357 3890 snmus
377 3834 519 3892 neminem
530 3835 620 3892 inter
639 3849 817 3893 caesareanas
839 3850 914 3908 esse,
936 3836 986 3908 qui
1000 3852 1087 3908 super
1101 3836 1271 3895 contritione
1285 3835 1335 3895 Jo-

159 3936 235 4010 'seph
250 3935 437 4010 affligeretur.
979 4018 983 4023 ⁸
1081 3945 1084 3952 '

162 4033 167 4045 ⁸
251 4040 361 4101 Eadem
378 4037 563 4101 chunradum
578 4058 597 4101 a
612 4035 774 4103 Schonstad
790 4043 903 4103 domum
918 4036 1141 4123 amandavimus.
1221 4048 1224 4056 ’
1244 4082 1249 4089 -

245 4146 381 4205 „lomnes
402 4162 426 4210 a.
442 4146 603 4207 Schonstad
618 4147 797 4219 Luderitinm
812 4150 946 4207 convenit
966 4154 995 4207 et
1020 4150 1095 4209 idem
1118 4149 1198 4229 nohis
1222 4132 1334 4210 obviam

163 4248 266 4323 hctus.
290 4250 476 4309 Permisimus
499 4252 587 4324 igitm
607 4245 749 4311 voluntati
763 4254 936 4313 marchionis
951 4254 1093 4327 electoris,
1117 4256 1140 4311 si
1154 4256 1334 4315 intercedere
1358 4328 1360 4335 Ι

161 4370 216 4427 pro
232 4355 315 4413 nobis
331 4354 472 4414 relletan
486 4351 577 4415 secus.
690 4341 693 4347 ‘
1046 4346 1060 4351 ”

253 4458 352 4517 Gaesar
372 4472 425 4533 per
448 4434 629 4520 archiducem
643 4461 869 4521 Maximilianum
891 4480 910 4521 a
932 4468 1033 4522 senatu
1053 4462 1220 4544 Augustauo
1242 4459 1333 4537 petiit,

161 4565 234 4623 ntis
249 4565 299 4637 qui
318 4580 354 4623 ex
369 4562 618 4624 muciouatoribus
633 4565 670 4625 de
689 4568 804 4627 interim
819 4567 868 4625 illo
883 4566 1000 4627 sinistre
1015 4567 1124 4626 locutus
1140 4572 1228 4639 esset,
1249 4568 1332 4630 casti·
