3017 5225
741 442 812 519 'loo

193 622 258 712 qna
273 641 414 713 apparere
428 636 558 711 appetit,
578 640 612 694 ιι
626 638 693 695 sunt
714 649 801 709 opum
815 633 935 711 eupido,
959 635 1096 712 splendor
1110 633 1284 710 hamram,
1300 638 1364 697 anri

194 738 226 801 et
238 742 352 816 argenti
365 741 535 816 ostentatio,
550 738 655 816 fastus,
675 741 773 815 luxus,
783 751 785 756 ’
795 743 918 803 avaritia
937 724 967 803 et
986 743 1130 818 superbia.
1169 743 1241 803 Item
1254 743 1364 804 inreli-

183 837 279 922 ’gione
293 853 373 909 amat
386 847 586 920 oaeremonias,
608 852 777 906 ornamenta
799 863 872 907 auro
893 853 923 908 et
936 851 1056 921 argento
1072 849 1214 922 eolorare,
1230 863 1294 908 oum
1308 851 1364 924 spi·

192 940 266 1012 ritus
289 948 396 1012 Christi
419 956 450 1011 et
469 945 668 1039 apostolorum
685 951 770 1010 deum
789 951 961 1012 inveritate
982 954 1131 1027 queritat,
1154 935 1238 1028 justa
1258 953 1364 1014 dietum
1393 997 1396 1009 .

193 1055 313 1117 christh
335 1054 462 1135 Mulier,
475 1056 542 1116 dieo
557 1055 621 1131 tibi,
636 1073 732 1130 neque
745 1058 776 1116 in
791 1062 888 1118 moute
902 1059 965 1133 hoo,
982 1069 1074 1133 neque
1088 1059 1362 1138 Hieroeolpmls‘ad·

181 1162 314 1222 ¹orabitis
328 1169 455 1238 patrem,
479 1163 530 1221 sed
550 1163 612 1221 veri
631 1162 800 1222 adoratores
820 1161 984 1223 adorabunt
998 1179 1063 1223 eum
1082 1165 1113 1222 in
1128 1165 1232 1240 spiritu
1246 1169 1277 1224 et
1291 1165 1363 1225 veri·

193 1271 254 1327 tate
269 1270 334 1341 eta,
359 1268 480 1342 etiamsi,
496 1267 590 1340 inquit
598 1267 761 1340 Musonius,
787 1267 812 1326 si
826 1267 898 1326 nihil
912 1269 958 1328 vol
973 1268 1200 1345 deargentatmn,
1216 1271 1263 1332 vel
1278 1270 1364 1332 deau-

192 1377 289 1432 ratum
302 1361 387 1432 adsit.
409 1371 550 1432 Mundum
566 1375 663 1431 autem
677 1372 817 1432 restitisse
832 1373 946 1446 spiritui
961 1377 1060 1434 saneto
1076 1391 1111 1434 ex
1125 1375 1197 1435 antis
1211 1392 1274 1450 oap.
1293 1379 1310 1434 7
1328 1371 1365 1436 ex

192 1478 288 1538 vorbis
308 1479 530 1552 protomartyris
551 1477 690 1552 Stephani
708 1477 856 1552 probavit:
879 1478 938 1538 Vos
958 1487 1071 1553 semper
1090 1481 1204 1554 spiritui
1217 1499 1241 1540 s.
1257 1481 1365 1543 restiti·

191 1586 254 1658 stis,
270 1585 346 1644 sient
358 1589 458 1660 patres
472 1585 575 1658 vestri,
600 1585 685 1643 itaet
699 1586 820 1643 roseta.
859 1583 942 1656 Quod
957 1587 1053 1643 autem
1068 1585 1124 1659 ait,
1145 1585 1365 1672 mnndumsuos

187 1675 313 1764 'diligere
329 1694 383 1749 ete.
406 1679 462 1749 Hie
474 1689 692 1764 multis‘doonit,
709 1688 893 1764 quamobrem
906 1687 1031 1771 mundns
1045 1705 1103 1764 eos,
1120 1691 1170 1763 qui
1183 1681 1299 1752 ¹Christe
1312 1692 1364 1774 ad·

193 1795 314 1869 hareni,
329 1794 534 1883 nihil-prorsus
548 1800 666 1872 reputet
687 1797 761 1856 etin
777 1811 863 1869 quam
883 1795 980 1855 ιιιιιιι
994 1795 1116 1856 mondus
1132 1801 1164 1856 et
1175 1794 1227 1856 filii
1248 1797 1297 1857 dei
1311 1814 1364 1874 per

86 1910 88 1914 ·
186 1887 379 1975 ’(ιιιιιιιιιοι
390 1891 566 1975 'discrepent
605 1900 688 1973 Quod
706 1905 803 1960 autern
822 1915 874 1962 nos
889 1899 925 1961 de
939 1901 1046 1961 mundo
1061 1919 1119 1963 nou
1133 1916 1239 1978 snmus,
1261 1903 1296 1964 id
1307 1920 1365 1964 nen

195 2011 240 2066 est
252 2005 345 2066 ιιοιιιι
358 2006 472 2080 meriti,
496 2006 547 2065 sed
561 2023 599 2066 ex
613 2006 754 2067 electione
770 1989 890 2081 Christi,
917 2007 966 2081 qai
988 2023 1054 2068 suos
1070 2025 1112 2072 ex.
1120 2024 1200 2068 mera
1214 2024 1270 2068 sna
1281 2008 1363 2070 boni·

193 2117 255 2172 tate
269 2111 364 2187 elegit.
389 2111 520 2172 Christus
529 2113 623 2188 igitur
637 2127 754 2172 eausam
769 2111 828 2174 odii
848 2113 997 2188 expressit.
1035 2112 1098 2173 Nee
1112 2114 1187 2173 enim
1203 2113 1292 2174 Satan
1305 2115 1364 2176 cal·

194 2232 284 2277 caneo
297 2201 426 2278 mulieris
440 2224 470 2278 et
484 2219 586 2277 semini
601 2218 662 2291 ejus
677 2217 858 2278 adhaerentes
877 2233 935 2277 non
950 2217 1111 2292 inquietare
1126 2234 1183 2278 non
1198 2224 1295 2294 potest
1309 2225 1363 2280 oto.

181 2322 367 2396 trosequam
380 2322 420 2383 ad
433 2338 487 2382 nos
501 2327 532 2382 et
544 2327 645 2385 nostra
656 2327 790 2398 tempora
799 2323 862 2382 hmo
875 2323 1056 2397 applicasset,
1071 2323 1218 2384 Musonius
1233 2325 1289 2386 hoe
1302 2321 1363 2402 epi·

193 2427 364 2500 phonemaie
379 2424 544 2487 eonoionem
559 2443 641 2486 snam
654 2427 769 2487 elausit:
793 2427 867 2500 Quia
882 2426 951 2502 ergo
971 2428 1117 2488 oleotionis
1131 2425 1185 2489 filii
1199 2446 1252 2491 nos
1267 2445 1364 2491 snmus

175 2518 225 2591 'et
239 2547 297 2591 non
310 2528 451 2606 mundns,
476 2531 594 2592 electori
613 2547 667 2605 per
687 2533 783 2592 omnia
801 2533 877 2607 grati
897 2549 960 2594 esse
980 2533 1154 2593 studeamus.
1193 2535 1277 2608 Quod
1294 2537 1366 2596 velit

195 2636 348 2697 christus
339 2654 402 2712 upse
416 2634 491 2698 iilius
505 2637 554 2698 dei
568 2645 598 2699 et
611 2639 705 2701 homo.
728 2632 861 2699 dinen
942 2654 945 2661 ’

200 2780 207 2788 -
283 2742 433 2803 Liberium
451 2743 491 2803 ad
510 2746 642 2805 oomitem
657 2762 676 2805 a
689 2745 804 2805 Nasson
818 2744 954 2819 misimus,
978 2754 1080 2807 verum
1091 2746 1117 2805 is
1132 2746 1255 2822 dixerat,
1270 2762 1302 2807 se
1316 2764 1363 2808 re·

193 2865 331 2926 sponsum
345 2866 364 2909 a
378 2848 547 2909 Coloniense
561 2849 688 2910 nondum
702 2852 863 2925 accepisse·
894 2850 922 2909 A
936 2852 1072 2911 condono
1081 2852 1263 2913 lieentiatnm
1272 2853 1363 2914 iliau-

193 2954 272 3013 lanm
285 2953 390 3041 Maior,
405 2952 619 3029 Wuliigaugam
633 2955 794 3015 Musonium
810 2961 840 3017 et
853 2958 872 3018 J
874 2974 997 3018 oannem
1011 2959 1169 3021 Henrioum
1184 2961 1301 3037 alloeuti
1315 2978 1362 3022 sn·

193 3069 266 3119 mue.
304 3060 399 3119 Maior
422 3060 569 3120 nobiseum
583 3060 728 3134 prandere
742 3063 859 3137 statuit,
883 3067 929 3122 ast
944 3063 1166 3140 christophorus
1180 3065 1239 3127 ιιι
1253 3085 1272 3128 ι
1286 3066 1363 3127 Wir·

183 3157 315 3242 'tomberg
328 3147 411 3225 nobis
425 3164 520 3228 iaetus
541 3166 654 3227 οιιιιιιι
672 3167 767 3240 ipsum
785 3185 838 3243 per
852 3155 1038 3231 secretarium
1061 3189 1144 3233 suum
1158 3175 1256 3236 vocari
1267 3174 1362 3251 jnssit,

192 3281 225 3335 ut
240 3275 355 3334 interim
369 3279 480 3334 ιιιιιιι
494 3272 572 3352 qnod
584 3272 628 3331 illi
642 3277 671 3332 et
685 3273 744 3334 alia
758 3276 877 3349 negocia
892 3263 955 3333 enm
970 3276 1042 3335 duee
1057 3282 1149 3338 erant.
1166 3271 1170 3277 ’

266 3379 445 3455 Iniunatum
459 3384 506 3439 est
517 3378 606 3439 Floro
620 3384 654 3438 nt
668 3394 732 3437 eum
746 3380 859 3454 hospite
873 3388 983 3457 ageret,
1000 3382 1031 3442 si
1046 3398 1148 3443 oeneus
1149 3387 1223 3459 ,qui
1237 3360 1279 3447 illi
1293 3380 1363 3447 hela

192 3485 329 3546 domatim
343 3484 480 3557 dabatur,
503 3485 594 3543 minui
607 3484 724 3562 posset,
741 3487 903 3560 praesertim
925 3487 1004 3563 qnod
1016 3478 1145 3550 ioannes
1159 3488 1251 3551 irater
1266 3498 1296 3552 et
1310 3492 1363 3606 Sa-

192 3592 269 3713 muel
283 3605 374 3662 nepos
387 3588 465 3649 ultra
478 3603 537 3647 non
552 3588 740 3649 adessent

241 3695 419 3753 Eadem
411 3710 442 3751 m
461 3693 611 3768 horologio
625 3693 663 3753 ad
685 3696 827 3769 parietem
841 3698 1006 3785 Mausolei
998 3719 1028 3762 ιι
1042 3700 1128 3764 horto
1142 3701 1260 3778 Georgii
1273 3684 1363 3765 Joan-

192 3789 381 3875 niassFuggeri
394 3797 448 3858 hos
462 3814 568 3868 versus,
578 3800 719 3875 aeoriptoe
733 3800 805 3887 legi3
988 3808 996 3820 ‘

295 3972 299 3977 .
356 3931 416 3984 Non
434 3948 511 3985 seeus
529 3950 561 3986 ae
579 3917 790 4011 demessaeque
809 3940 878 3990 enim
898 3940 1040 3993 oonsistere
1058 3923 1154 3993 flumen
1236 4006 1237 4009 Ἴ

258 4034 262 4038 “
356 4021 412 4073 Nee
429 4023 518 4075 brevis
535 4025 600 4076 hora
617 4032 712 4093 potest,
730 4011 777 4078 sed
795 4034 824 4078 ut
842 4027 914 4079 unda
932 4028 1074 4095 impellitur
1092 4020 1163 4081 unda

318 4154 322 4164 .
357 4103 531 4177 Urgetnrqne'
541 4113 632 4166 eadem
649 4115 758 4165 veniens
776 4122 904 4183 urgetque
923 4118 1065 4183 prioremr'
1262 4106 1265 4116 ¹

271 4215 275 4220 >
360 4198 491 4293 Tempora
508 4200 549 4252 sio
566 4202 672 4269 rugium
689 4204 788 4269 pariter
806 4199 954 4272 pariterque
972 4212 1123 4273 sequnntur.
1216 4262 1220 4268 ,

229 4322 401 4384 Eadem
416 4325 499 4385 nohis
524 4327 639 4400 pileolo
658 4328 727 4390 duo
737 4313 899 4392 holoserica
924 4328 1148 4408 comparavimus
1176 4332 1365 4396 Etudorfflam

174 4424 179 4430 ’
193 4445 252 4489 uno
272 4427 457 4490 honorantes
495 4427 606 4491 Eadem
624 4434 801 4519 licentiatum
815 4416 911 4500 Maior
934 4438 971 4507 ad
992 4440 1093 4500 ducem
1107 4439 1273 4528 Udalriaum
1296 4457 1364 4518 pro-

193 4533 299 4598 feam
314 4552 377 4599 essa
392 4538 591 4614 comperimus:
671 4597 680 4604 t
719 4575 722 4586 ·
