3017 5225
698 412 745 479 85

135 612 190 656 iios
199 596 309 670 iustum
323 594 380 660 Ilei
389 594 530 669 judicium
544 596 574 654 in
588 596 644 654 hoc
649 584 905 671 cognosceremus.
937 595 1012 667 Quia
1031 597 1108 655 enim
1126 596 1222 657 Jnuei
1242 611 1310 655 coii-

134 706 184 759 tra
200 702 404 775 conscientiam
423 702 574 760 veritatem
588 701 625 759 dc
638 698 768 759 salvifica
786 702 999 760 resurrectione
1014 700 1121 760 Christi
1141 702 1251 761 domini
1264 717 1311 759 re·

134 807 232 880 cipere
251 807 424 879 abnuebant,
447 806 579 879 permissi
599 810 668 863 sunt
688 804 754 878 sibi,
777 810 811 864 ut
828 807 880 878 iis,
904 807 963 879 qui,
974 806 1012 867 oh
1030 806 1212 880 pecuniolam
1231 822 1310 867 meu·

134 892 249 971 dacium
267 911 324 971 hoc
343 912 379 971 de
399 910 477 971 furto
498 910 595 970 ablato
616 907 722 969 Christi
742 927 865 985 corpore
883 908 1038 985 finxerunt
1062 909 1148 971 fidem
1162 911 1312 984 haberent,

134 1016 221 1091 idque
241 1016 370 1079 Sathena
390 1024 420 1076 et
442 1018 599 1090 instigante
620 1023 651 1077 et
671 1000 856 1091 cooperante.
894 1017 1111 1091 Sunt‚‚inquit‚
1133 1016 1190 1075 hoc
1211 1023 1312 1075 nostro

135 1100 207 1200 auo,
221 1124 274 1198 ,qui
287 1129 406 1205 accepta
420 1124 543 1195 pecunia
556 1124 742 1195 mentiuntur,
765 1124 816 1196 qui
829 1120 979 1181 mendacio
993 1124 1089 1195 potius
1104 1132 1190 1196 quam
1203 1122 1311 1197 agnitae

134 1228 252 1287 veritati
265 1228 383 1287 credere
397 1228 515 1287 malunt
524 1232 539 1236 ”“
547 1227 606 1287 Sed
626 1229 702 1288 nude
722 1230 780 1287 nisi
799 1244 836 1287 ex
854 1233 983 1301 peccato,
1006 1228 1084 1303 qnod
1103 1228 1217 1287 obviam
1234 1230 1309 1287 ieri·

133 1337 225 1391 tatem
238 1331 397 1407 respuunt?
427 1333 565 1407 Allegaus
584 1334 616 1391 in
633 1333 688 1393 hoc
707 1334 804 1393 locum
823 1334 908 1394 Pauli
925 1334 965 1394 ad
982 1332 1037 1393 Ro.
1057 1340 1085 1394 1.
1118 1336 1159 1394 Et
1172 1335 1309 1409 quemad·

133 1436 249 1497 moduni
264 1455 323 1498 non
342 1438 547 1514 probaverunt,
570 1444 603 1497 ut
623 1437 718 1497 Deum
737 1444 946 1513 agnoscerent.
959 1440 1002 1497 ita
1020 1438 1140 1499 tradidit
1160 1457 1211 1501 eos
1229 1440 1310 1499 Dens

132 1543 164 1601 in
178 1544 332 1617 reprobam
344 1534 485 1615 mentem,
508 1549 542 1602 ιιι
559 1542 689 1602 ιιιιιοιιι
708 1560 773 1618 quae
791 1562 850 1603 nou
868 1545 1031 1604 veniebant.
1062 1545 1110 1604 Sic
1130 1550 1161 1603 et
1174 1562 1251 1604 nnnc
1264 1544 1308 1605 ‹li-

131 1648 223 1719 ιιιιι,
238 1646 265 1707 ἰ
284 1650 381 1707 mnes
400 1649 483 1707 ainis
503 1647 558 1707 noc
578 1648 708 1722 uiant,
732 1650 786 1709 seo
807 1649 846 1709 an
866 1651 903 1710 in
921 1656 1047 1725 unium,
1070 1652 1121 1724 qui
1139 1652 1251 1710 maun
1264 1634 1308 1709 iii·

133 1750 220 1811 ducto
235 1730 327 1811 errori
342 1752 376 1811 ac
390 1754 563 1829 evangelice
577 1755 692 1841 veritati
707 1756 835 1816 medae.
867 1756 965 1828 Quare
984 1755 1096 1817 accidet
1109 1757 1208 1829 ethis,
1232 1754 1310 1830 quod

132 1856 243 1917 Judaeis
255 1850 413 1919 incredulis
428 1860 532 1918 evenit.
571 1850 661 1919 Satan
676 1860 761 1932 enini,
783 1842 869 1933 pater
888 1861 1103 1922 mendaciorum
1120 1864 1200 1936 ipsos
1214 1877 1251 1922 eo
1263 1862 1308 1921 iu·

133 1960 226 2035 duxit,
249 1968 284 2021 ut
300 1978 405 2038 papam
427 1970 458 2023 et
476 1981 544 2023 suus
570 1971 600 2024 et
620 1963 755 2039 quicquid
776 1943 1001 2040 excogitaverint
1022 1966 1121 2040 aude,
1144 1972 1309 2041 contempte

132 2068 296 2141 evaugelio,
311 2070 467 2143 arripiant.
503 2065 605 2130 Intulit
623 2076 653 2129 et
671 2070 719 2128 hie
738 2072 816 2129 inter
833 2072 892 2131 alia
908 2071 1033 2145 insignia
1049 2077 1080 2130 et
1094 2072 1224 2129 enormia
1236 2068 1310 2129 aar:

131 2154 205 2231 nora
225 2174 402 2247 papistarum
413 2176 651 2254 ‘nocentissimum
671 2174 744 2257 illud
764 2160 954 2235 commentum
970 2175 1193 2250 predicatorum
1207 2174 1307 2234 moha-

131 2275 252 2337 c'horum
269 2280 302 2338 iri
322 2280 438 2340 Verona
456 2270 663 2354 perpetratum,
687 2280 765 2356 quod
785 2283 816 2341 iii
837 2280 970 2341 omuibus
989 2280 1118 2356 pistrinis
1138 2280 1309 2355 popinisque
1329 2312 1332 2315 ⁴

131 2382 229 2443 notius
244 2377 309 2457 est·
322 2402 408 2458 quam
428 2392 462 2445 ut
481 2388 528 2445 hic
547 2386 653 2446 ascribi
672 2391 827 2449 mereatur.
856 2387 930 2445 Item
950 2386 987 2446 de
1000 2379 1201 2446 lhanuscanis
1215 2376 1308 2445 et'lic·

130 2486 200 2545 ticio
222 2496 434 2563 personetoqnc
457 2506 556 2549 eorum
584 2490 700 2551 Christo
728 2492 813 2569 (puto
839 2493 1030 2567 stigmaticnm
1057 2488 1256 2565 Francismm)
1278 2495 1310 2551 ct

131 2586 274 2667 quomodo
288 2583 450 2658 homiuesa
471 2596 585 2656 Christo
607 2597 646 2657 ad
664 2597 783 2671 propria
803 2615 893 2672 opera
911 2596 1109 2670 siccaverint,
1133 2615 1198 2656 cum
1212 2600 1322 2678 mman-
1375 2668 1377 2673 ¹

131 2699 204 2758 nulli
218 2695 414 2774 nuquam'iiisi
429 2721 465 2763 ex
473 2695 607 2778 'gratuita
621 2703 678 2761 Dei
691 2703 889 2763 misericordia
909 2719 963 2777 per
981 2704 1116 2762 meritum
1130 2701 1238 2761 Christi
1252 2701 1310 2762 fide

131 2809 343 2881 apprehensum
358 2809 435 2868 salus
450 2811 606 2882 configerit
620 2815 674 2868 etc.
705 2809 857 2868 Postremo
872 2809 1001 2881 mouens,
1024 2816 1061 2867 rie
1083 2813 1113 2866 et
1127 2825 1180 2868 uos
1194 2825 1310 2882 quoque

131 2913 280 2987 spiritibus
299 2898 407 2998 erroris
425 2914 575 2988 praeterita
587 2915 716 2972 ‘ienitate
738 2913 845 2973 Christi
864 2914 1055 2988 crederemus,
1078 2909 1115 2972 ne
1134 2912 1218 2974 uobis
1232 2914 1310 2973 idem

131 3017 210 3090 quod
227 3019 337 3079 ludaeis
357 3024 388 3077 et
405 3017 599 3100 dnfichristos
616 3019 676 3092 qui,
699 3019 802 3094 inquit,
825 3035 884 3078 non
903 3035 978 3078 uuus
997 3025 1051 3092 est,
1075 3015 1127 3079 sed
1147 3010 1310 3093 quicunque

130 3115 265 3198 pepa'et
283 3119 525 3197 suscriberent,
550 3103 628 3199 quod
647 3139 666 3184 a
685 3125 768 3183 nobis
788 3125 932 3198 piissimus
953 3124 1086 3183 dominus
1104 3128 1204 3182 noster
1223 3124 1309 3184 lesus

131 3226 263 3288 Christus
278 3237 426 3308 persuum
441 3229 596 3304 gloriosam
609 3229 850 3288 resurrectionem
864 3233 987 3287 avertat.
1017 3229 1119 3287 Amen.
1149 3219 1153 3224 ’
1212 3251 1216 3254 ⁴
1299 3229 1302 3232 ⁴

157 3385 161 3393 ,
220 3335 330 3393 Eadem
345 3341 410 3395 erat
423 3336 506 3419 nobis
521 3314 632 3393 animus
648 3333 865 3394 diminutionem
879 3333 1027 3407 sanguinis
1040 3331 1146 3420 heere,
1172 3331 1224 3391 sed
1238 3331 1307 3404 quia

131 3443 162 3498 et
176 3438 240 3500 heri
255 3445 285 3498 et
298 3441 385 3499 hodie
399 3457 451 3500 aer
465 3445 613 3514 suspectus
629 3445 705 3511 erat,
730 3455 748 3498 a
762 3437 846 3499 nobis
861 3435 1052 3497 intermissum
1066 3443 1119 3497 est

220 3545 332 3604 Eadem
347 3547 427 3604 curia
442 3541 640 3627 Atrebatensis
655 3543 807 3619 repetitur,
830 3543 880 3602 nbi
899 3544 938 3603 ad
954 3535 1171 3603 sollicitationes
1185 3540 1309 3601 aderant

130 3646 377 3723 Comtauhensea
400 3635 529 3711 Udalrici
551 3651 631 3710 ducis
648 3640 810 3710 'eminant
831 3655 861 3708 et
882 3645 982 3708 afflicti
1002 3645 1182 3707 Bremeuses.
1206 3647 1309 3707 ‚Venit

129 3759 162 3813 et
174 3753 347 3832 Franciscus
363 3739 515 3816 Conradm
528 3770 546 3812 a
561 3753 725 3828 Sicliingen,
740 3751 864 3813 aderens
879 3755 1116 3827 supplicationem
1131 3751 1179 3831 (ut
1190 3750 1307 3848 vocant)
1397 3772 1400 3776 ·

6 3851 7 3866 ¹
128 3853 245 3919 Nicolai
259 3858 298 3918 ab
311 3860 459 3946 Hattstein
474 3856 662 3934 cognatorum
677 3848 747 3933 ejus.
777 3860 851 3940 Item
864 3860 993 3919 Joannes
1006 3873 1106 3917 eomes
1127 3856 1324 3929 aSarbrnglr-

129 3968 162 4023 et
181 3963 308 4038 Nassan,
330 3966 399 4023 item
422 3963 542 4024 Carolus
565 3980 583 4022 a
605 3963 738 4023 Stockem
760 3962 913 4040 praefectus
938 3951 1139 4034 inWeilburg
1160 3960 1310 4032 nobiscum

129 4068 234 4130 eodem
248 4060 315 4130 'luto
335 4070 459 4142 herens,
483 4070 533 4142 qui
554 4070 605 4143 ait,
629 4085 660 4127 se
682 4083 700 4126 a
722 4067 848 4142 quodam
868 4069 1012 4144 accepisse
1032 4071 1062 4126 et
1081 4067 1192 4128 coenus
1212 4066 1258 4124 sni
1280 4068 1312 4122 et

128 4181 261 4235 nostrnm
274 4190 390 4237 eausam
405 4175 513 4234 Caesari
526 4171 650 4232 relatam
663 4189 735 4232 esse.
766 4171 843 4232 Dum
862 4178 959 4232 autem
978 4173 1084 4233 ibidem
1098 4173 1240 4246 integram
1255 4169 1313 4260 ho

128 4296 195 4340 ram
218 4267 447 4353 desedissemus,·
472 4279 602 4340 Eubulus
624 4277 1037 4355 Leouardumcubicularium
1058 4277 1189 4351 proesulis
1211 4276 1306 4349 rogat,

129 4390 165 4445 ut
178 4385 250 4444 velit
263 4383 302 4445 ad
315 4385 416 4462 herum
430 4402 513 4444 suuni
527 4385 637 4452 intrare
658 4401 692 4444 ac
710 4385 803 4444 nostri
822 4384 938 4442 nomine
952 4383 1112 4457 deprecari,
1135 4379 1228 4440 utvel
1240 4384 1306 4468 tan-

130 4488 199 4549 dem
213 4480 348 4550 comitum
362 4507 380 4550 a
393 4477 534 4564 Waldeck
543 4490 721 4549 mentionem
736 4473 844 4549 habere
865 4487 960 4548 vehet.
977 4470 981 4475 ’
999 4484 1054 4558 Qui
1068 4486 1171 4559 gallice
1185 4477 1319 4556 respon

176 4606 293 4651 um
1074 4591 1093 4646 5

1503 385 1505 424 i

1503 427 1504 464 i

1503 473 1504 530 i

1503 537 1505 576 i

1503 581 1504 620 i
