3017 5225
743 407 818 477 258

192 586 334 663 splendidi
347 587 506 651 Romulida
521 589 649 662 quemvis
663 589 831 650 charissimo
838 590 934 665 pretio
946 590 1062 653 sibiiina
1075 591 1219 653 volumina
1231 594 1354 653 aemma-

191 694 263 753 tioni
278 693 396 753 duxere.
435 692 493 752 Sed
508 692 543 753 de
558 693 603 753 his
618 694 697 755 satis.
734 693 935 755 Valetudinem
951 696 979 755 d.
996 702 1017 757 t
1034 712 1120 771 quam
1134 713 1153 756 a
1168 696 1223 757 deo
1237 714 1355 772 prospe

191 813 252 857 ram
267 812 361 873 spero,
378 796 451 856 scira
466 812 551 872 aueo,
571 802 601 857 et
615 813 711 857 rerum
732 803 847 864 tuarum
860 796 1006 860 fortunam
1018 802 1167 861 ecclesiam
1183 801 1291 861 domini
1306 803 1357 862 tibi

191 918 289 963 curam
311 918 373 962 esse
388 904 461 977 seio,
488 908 517 962 et
532 901 677 962 dominum
691 904 734 963 tui
748 903 895 964 custodem
916 903 993 979 iore,
1014 910 1114 966 nasim
1133 905 1228 966 adhuc
1243 905 1356 967 christo

190 1008 297 1082 maiia,
320 1008 503 1069 mediocriter
524 1007 644 1068 ecciesia
663 1008 755 1083 viget,
779 1014 813 1068 ut
830 1014 927 1069 tamen
947 1010 1055 1071 domiui
1075 1012 1168 1072 nostri
1181 1011 1355 1073 consuetudo

190 1119 242 1188 est,
258 1128 316 1173 nou
330 1112 402 1173 odeo
416 1128 569 1173 numerosa
583 1113 653 1172 uiris
669 1114 927 1175 concionatonnus.

279 1218 362 1291 Quod
376 1223 471 1278 autem
485 1217 571 1279 modo
585 1216 614 1279 d.
629 1224 651 1279 t.
668 1220 870 1294 occupationes
883 1220 1062 1293 interrumpo
1076 1235 1179 1279 caussa
1193 1225 1239 1280 est
1253 1234 1355 1294 oppor-

189 1323 297 1383 tunitas
318 1340 385 1383 nam
407 1324 454 1383 hic
476 1323 657 1383 amanuensis
676 1329 776 1383 noster
796 1326 847 1401 qui
865 1329 932 1397 post
950 1325 1060 1385 obitum
1079 1325 1207 1400 priorum
1222 1328 1252 1383 et
1273 1324 1353 1384 nobis

188 1426 315 1487 fidelium
334 1426 492 1488 Hermanni
511 1426 598 1488 Neliii
618 1434 648 1488 ot
663 1426 761 1489 Galabi
775 1427 940 1503 Tryopheri
960 1428 1043 1489 nobis
1061 1430 1092 1489 in
1104 1430 1184 1503 justa
1197 1428 1295 1487 munia
1308 1444 1352 1487 se·

189 1533 305 1591 croterii
319 1547 412 1605 nuper
426 1533 542 1594 obvenit
559 1534 685 1608 patrium
698 1535 742 1593 ire
756 1534 868 1593 ueniam
883 1535 1014 1609 petierit,
1037 1539 1139 1606 etuon
1152 1534 1249 1593 multis
1263 1534 1353 1593 milia·

188 1636 269 1699 ribus
292 1654 310 1697 a
329 1643 425 1697 vestm
444 1639 569 1714 didone,
593 1638 746 1713 uiihsbitet,
772 1639 816 1697 ilii
832 1639 1007 1713 injunximus
1021 1645 1054 1699 ut
1067 1641 1223 1715 promissas
1241 1637 1355 1699 chartas

190 1741 218 1801 d.
233 1746 255 1800 t.
272 1739 400 1801 adies-ret
413 1744 459 1801 cui
473 1742 560 1803 fidem
572 1744 697 1819 habeas,
719 1750 749 1806 et
763 1744 825 1817 cius
840 1749 870 1804 et
883 1760 955 1805 mea
970 1744 1124 1807 stoliditati
1137 1746 1271 1820 ignoscas
1284 1758 1355 1817 rogo

189 1848 308 1920 erratis,
333 1861 454 1920 quorum
468 1848 583 1925 cophini
598 1864 657 1908 nou
669 1850 720 1908 uni
741 1845 843 1911 referti
861 1853 929 1909 sunt
950 1834 1005 1925 pro
1023 1853 1076 1909 ine
1096 1854 1219 1923 paterna
1232 1848 1357 1911 amicitia

187 1953 311 2026 ignosce.
338 1952 439 2013 Salvus
462 1954 538 2014 donni
559 1952 685 2014 aeclesia
700 1960 730 2015 st
749 1952 820 2014 ioris
841 1955 983 2028 perpetim
996 1954 1028 2013 in
1042 1953 1158 2014 domino
1172 1955 1212 2013 sis
1226 1969 1262 2012 ac
1274 1953 1356 2013 selei
1476 1958 1477 1968 ¹

189 2056 301 2117 Salutat
318 2061 350 2117 ts
364 2062 445 2117 costa
464 2064 565 2119 nostra
584 2057 922 2119 consumendarum
944 2059 1048 2119 iterum
1060 2056 1263 2139 Eubulumque
1275 2063 1356 2117 tuum
1389 2145 1397 2157 ο

187 2177 252 2222 esse
267 2164 349 2237 scito,
365 2168 527 2223 nostrorum
543 2164 669 2223 omnium
683 2166 715 2223 in
729 2163 952 2239 praecationibus
965 2164 1024 2222 tuis
1038 2163 1078 2221 sis
1092 2178 1210 2223 memor.
1247 2162 1355 2222 Datum

187 2271 218 2325 et
242 2266 400 2327 exhibitum
427 2267 589 2343 Iseubergae
618 2270 657 2328 13
679 2268 804 2343 Augusti
830 2284 907 2329 anuo
932 2266 1033 2329 salutis
1060 2271 1170 2328 nosue
1195 2266 1353 2341 millesime,

188 2370 414 2446 quingentesimo
428 2372 604 2447 sexagesimo
619 2376 730 2447 quarto.

1027 2460 1066 2521 D.
1082 2461 1117 2522 Τ.
1133 2461 1246 2522 deditus

873 2637 876 2642 .
951 2565 1085 2628 Weissdt
1098 2582 1127 2640 g.
1142 2584 1167 2626 z.
1183 2564 1322 2627 Waideck
1431 2632 1435 2640 r

1009 2688 1096 2732 manu
1110 2671 1237 2747 propria

230 2775 307 2835 Vere
320 2775 369 2849 pio
385 2779 415 2836 ei
429 2773 593 2837 doctissimo
607 2774 852 2848 celeberrimoque
871 2772 908 2834 de

187 2879 428 2966 acclesinhristi
440 2881 547 2955 optime
561 2880 665 2940 merito
678 2879 907 2941 dominodoauni

185 2984 305 3044 Brendo
325 2985 556 3059 wirtembergici
576 2984 697 3044 ducatus
721 2983 907 3044 molesiarum

186 3087 308 3150 autistiti
322 3069 446 3164 summo,
467 3087 588 3152 colendo
603 3089 681 3164 patri
695 3091 725 3148 et
738 3087 830 3148 amico
845 3103 907 3148 suo.
