3017 5225
736 426 800 492 isa

179 618 293 688 rentur,
315 612 396 673 nobis
411 626 461 671 eos
475 608 590 686 legendi
606 613 689 685 copia
704 609 832 669 dmetur.
871 604 975 665 Seldus
993 601 1031 662 do
1051 607 1181 677 tempore
1194 616 1226 659 se
1240 600 1351 674 comta·

179 726 278 779 turum
293 716 437 791 promisit,
458 721 488 775 ot
502 715 526 772 si
545 725 602 789 qua
621 713 685 775 lieri
699 716 811 789 posset,
833 692 866 769 se
879 710 1118 784 procuraturum,
1140 710 1174 764 ut
1187 705 1370 781 paucissimi

179 818 324 895 adessent,
345 820 412 880 dum
433 820 470 881 ad
490 818 578 893 pedes
594 818 707 880 cesaris
723 815 949 892 procumberom.
995 811 1052 883 Da,
1070 810 1185 869 dominc
1200 810 1280 883 deus,
1296 824 1352 867 uos

179 928 233 986 suh
246 926 359 999 potenti
374 940 460 985 manu
475 931 525 985 tua
540 920 693 997 humiliari,
709 922 852 980 homiuem
866 922 963 978 autem
976 931 1035 975 non
1050 915 1137 974 aliter
1150 930 1189 973 ac
1199 913 1353 974 mortalem

177 1030 315 1090 revereri.
342 1028 449 1103 Rediit,
465 1027 538 1103 proh
554 1028 646 1101 dolor,
668 1024 757 1085 rediit
770 1023 979 1107 Acgyptiorum
993 1019 1135 1079 adoratio

268 1132 377 1193 Eadem
385 1131 521 1193 Galacteo
537 1120 680 1192 et'Lindio
695 1128 881 1202 cumhospite
896 1128 933 1187 de
947 1142 1034 1185 censu
1047 1120 1249 1184 hebdomadali
1262 1133 1353 1195 agore

178 1237 339 1311 iniunctum
355 1243 406 1297 est.
430 1235 470 1295 At
484 1238 589 1309 hospes
604 1234 841 1293 consultationem
855 1234 887 1290 in
900 1231 1057 1290 crastinum
1071 1228 1164 1303 potiit.

267 1358 306 1399 xx
321 1340 401 1401 Juuii
415 1323 650 1433 Masculus'hora
665 1345 694 1398 et
707 1338 772 1397 loco
787 1336 932 1397 consuetis
946 1326 1056 1404 eadem
1067 1348 1132 1405 quos
1141 1332 1205 1391 hori
1219 1345 1351 1404 procon-

178 1445 260 1505 cione
275 1438 397 1519 legerat*
410 1445 534 1518 repetiit.
559 1441 680 1502 Addidit
694 1447 792 1500 autern
804 1441 850 1513 iis,
872 1452 937 1511 quoe
951 1438 1087 1496 hesterno
1101 1435 1148 1494 die
1163 1435 1200 1494 dc
1214 1449 1351 1509 persecu-

178 1548 259 1608 tione
275 1534 400 1609 discret:
424 1548 536 1619 iudei,
559 1552 593 1606 ut
614 1546 748 1619 audistis,
771 1543 915 1604 Christum
936 1542 1081 1617 persecuti
1098 1546 1182 1614 sunt,
1202 1539 1279 1613 qood
1292 1555 1353 1598 non

179 1656 257 1711 esset
271 1666 357 1710 verus
371 1650 502 1710 Messias.
527 1651 633 1711 Gentes
648 1666 716 1710 vero
739 1649 810 1707 nihil
833 1653 979 1708 morantes
992 1662 1092 1705 verum
1112 1645 1192 1702 illum
1206 1644 1352 1703 Christum

102 1810 106 1817 .
178 1758 229 1815 aut
243 1753 494 1817 Pseudoehristum
509 1755 632 1830 apostoli
647 1760 676 1815 st
690 1759 834 1827 martyres
848 1749 1063 1822 confiterentur,
1084 1748 1135 1807 scd
1149 1750 1258 1822 absque
1273 1748 1353 1807 omni

178 1857 341 1919 differentia
363 1860 524 1933 quicunque
549 1858 663 1918 Christo
678 1860 795 1917 nomina
810 1856 961 1928 dederint,
985 1859 1191 1928 persequentes
1204 1854 1352 1926 suppliciis

178 1960 340 2023 afficerent:
359 1964 440 2022 lnter
454 1962 735 2036 pseudochristianos
749 1976 819 2022 vero
834 1965 864 2020 et
878 1960 965 2019 mam
984 1960 1128 2018 internos
1142 1958 1259 2032 quidam
1273 1961 1351 2029 sunt,

179 2068 229 2141 qui
250 2068 327 2127 bona
349 2067 437 2126 animi
459 2068 619 2127 intentione
639 2074 668 2127 et
691 2084 728 2125 en
747 2070 810 2125 toto
829 2049 917 2124 corde
936 2050 1107 2122 christianos
1128 2067 1350 2137 persequuntur,

180 2186 238 2232 non
252 2171 289 2232 ob
305 2170 383 2231 aliud
397 2188 484 2244 qnam
499 2172 577 2247 quod
592 2188 610 2230 a
630 2172 775 2231 nonnullis
789 2168 920 2243 persuasi
933 2169 1004 2242 sint,
1026 2184 1076 2227 eos
1091 2169 1188 2227 virere
1202 2174 1233 2226 et
1245 2167 1352 2227 docere

180 2280 281 2334 contra
296 2278 441 2349 receptam
458 2262 617 2335 doctrinam
632 2280 661 2335 st
676 2290 748 2346 cam,
769 2276 801 2332 in
816 2289 875 2346 qna
886 2274 943 2345 ipsi
957 2272 1071 2333 educati
1092 2279 1122 2331 et
1135 2272 1260 2332 instituti
1273 2276 1351 2345 suut,

179 2380 341 2451 uesicam,
357 2381 408 2452 qui
423 2380 469 2438 vel
483 2380 635 2453 purissime
651 2379 764 2453 docent,
781 2378 858 2451 quod
872 2377 1033 2452 videantur,
1056 2378 1123 2437 dum
1145 2376 1309 2436 idolatriam
1323 2381 1355 2435 et

179 2482 287 2542 abusus
302 2484 462 2555 corripiunt
482 2498 516 2542 ac
539 2484 681 2541 sinceram
700 2482 859 2542 doctrinam
876 2483 1039 2542 restitutam
1054 2483 1181 2555 cupiunt,
1204 2481 1353 2540 ecclesiam

180 2586 351 2661 perturbare
372 2602 480 2646 summe
499 2592 723 2663 persequuntur,
746 2588 809 2647 nelo
825 2586 954 2661 quidem,
976 2587 1214 2660 quemadmodum
1224 2590 1354 2661 testatur

180 2691 288 2751 Paulus
311 2692 486 2768 deludam,
510 2693 561 2752 sed
581 2711 639 2753 non
659 2692 814 2752 secundum
834 2693 990 2751 scientiam.
1027 2691 1082 2750 Est
1103 2697 1200 2752 autern
1215 2698 1245 2751 et
1258 2689 1355 2751 adhuc

180 2797 260 2856 aliud
274 2803 382 2870 praeter
402 2799 457 2857 hoc
474 2805 690 2871 persecutorum
710 2801 815 2872 genus,
836 2797 971 2863 nimirum
991 2812 1106 2870 eorum,
1127 2797 1177 2870 qui
1192 2811 1223 2854 se
1237 2781 1353 2855 sanmos

179 2900 281 2960 haberi
297 2903 409 2975 volunt,
430 2904 534 2961 ceteris
553 2903 638 2975 longe
660 2892 832 2960 eruditiore‘s
852 2907 882 2961 et
902 2903 932 2959 in
946 2903 1058 2974 magnis
1072 2900 1230 2960 honoribus
1245 2899 1354 2973 degunt

100 2995 102 3000 ’
159 3025 163 3034 ·
181 3008 209 3063 et
224 3005 273 3078 qui
287 3004 367 3064 lucro
383 3005 526 3064 inhiantes
539 3003 629 3065 verbo
646 3010 859 3080 cauponantur,
880 3012 911 3065 ct
928 3006 1043 3065 taneoi
1063 3006 1155 3080 probe
1169 3009 1353 3081 perspectum

179 3107 325 3181 habeunt5
342 3093 520 3185 doctrinam,
545 3103 600 3184 que
615 3109 797 3184 praedicatur,
814 3126 913 3170 sanam
927 3116 958 3170 ct
971 3119 1069 3169 veram
1079 3113 1156 3184 esse,
1172 3114 1269 3168 muron
1284 3109 1353 3182 qnia

181 3218 308 3273 ventrem
325 3230 378 3288 pro
394 3215 450 3274 deo
463 3213 571 3275 habent
590 3221 619 3274 et
632 3220 765 3274 metuunt
784 3231 821 3273 nc
843 3214 912 3290 qnid
926 3216 973 3273 vel
986 3213 1143 3274 honoribus
1157 3214 1216 3273 suis
1231 3214 1278 3273 vel
1290 3212 1353 3272 lau·

180 3317 264 3378 dibus
279 3319 400 3379 abcedat
415 3320 499 3394 (nihil
514 3322 589 3380 enim
599 3316 683 3378 'aliud
698 3320 751 3378 suh
766 3315 1065 3393 praetentureligiouis
1079 3306 1225 3392 quaeruut)
1239 3317 1271 3376 hi
1284 3329 1350 3390 per·

179 3425 352 3484 tinacissirno
375 3424 442 3484 odio
463 3425 607 3484 Christum
632 3429 661 3484 et
680 3441 748 3484 snos
768 3429 987 3497 persequuntur,
1011 3425 1110 3496 quales
1124 3421 1242 3483 luerunt
1255 3424 1351 3496 ponti-

179 3525 248 3587 liccs
260 3527 300 3586 ‘ao
314 3526 449 3600 pharisaei
464 3529 609 3587 etscribae
625 3527 701 3600 apud
715 3527 848 3600 Jadaeos,
868 3505 907 3584 ad
921 3543 994 3600 quos
1008 3526 1139 3586 (lhristm
1153 3529 1210 3587 ait:
1233 3529 1285 3586 Vae
1299 3543 1350 3586 vo-

179 3629 224 3689 his
239 3632 342 3689 scribae
358 3647 392 3688 ac
407 3631 552 3704 pharlsaei,
571 3633 619 3703 qui
635 3630 688 3690 sub
703 3637 846 3705 pretextu
859 3631 954 3704 longae
969 3633 1108 3691 orationis
1123 3638 1153 3692 et
1167 3648 1284 3707 precum
1299 3632 1350 3690 do·

179 3741 241 3794 mos
256 3734 408 3792 viduarum
432 3741 462 3793 ot
483 3735 658 3809 pupillorum
679 3735 896 3795 deromtisetc.
919 3737 960 3794 Et
973 3737 1003 3794 hi
1018 3752 1132 3812 semper
1146 3739 1247 3812 pietati
1266 3751 1352 3796 nocu-

179 3844 248 3897 runt
263 3839 347 3906 etiam
358 3839 436 3912 apud
449 3828 596 3898 ethnicos
610 3839 710 3898 ‘Tales
723 3841 799 3898 enim
810 3845 841 3900 ct
850 3845 934 3899 erant
943 3835 1096 3914 aurifabri
1108 3843 1158 3915 qui
1172 3840 1353 3900 fabricabant

180 3942 293 4002 arculas
314 3950 343 4003 et
366 3944 488 4004 delubra
507 3945 608 4004 Dianae
627 3941 670 4002 illi
683 3945 832 4020 Ephesia,
852 3943 952 4004 Actor.
972 3947 1011 4003 19
1028 3949 1082 4004 etc.
1121 3947 1207 4006 Tales
1223 3951 1253 4004 et
1265 3944 1353 4005 hodie

180 4049 274 4107 nostri
289 4055 356 4108 sont
370 4049 546 4124 aduersarii,
569 4034 685 4130 omnino
704 4049 851 4136 sanctitati
872 4065 933 4107 suas
952 4049 1112 4109 tribuentes
1132 4055 1162 4109 ct
1183 4065 1236 4133 suo
1257 4052 1354 4109 uentri

179 4157 347 4212 metuentes.
388 4131 550 4213 &cundum
569 4171 638 4214 vero
652 4153 707 4213 hoo
722 4159 938 4227 persecutorum
957 4155 1051 4228 genus
1063 4158 1120 4228 est,
1143 4154 1193 4229 qui
1208 4153 1353 4218 destinato

179 4257 274 4315 animo
295 4233 471 4316 scieutcset
493 4259 538 4316 sui
556 4255 631 4318 lucri
650 4274 685 4317 ac
706 4259 824 4319 honoris
845 4260 940 4333 gratia
957 4261 1064 4334 agnitae
1079 4259 1194 4318 ucrimti
1208 4257 1355 4318 contradi·

180 4366 248 4420 crunt
264 4361 370 4433 eteius
386 4367 546 4422 assertores
561 4363 673 4436 clausis,
695 4369 727 4422 ut
742 4361 854 4438 dicitur,
877 4365 968 4424 oculis
982 4367 1202 4436 persequuntur.
1239 4361 1354 4421 Horum

178 4465 256 4526 sulus
272 4465 455 4540 desperanda
477 4472 527 4536 est¹
542 4467 644 4541 etjam
658 4482 735 4528 nunc
749 4469 779 4528 in
793 4456 897 4544 laqueo
909 4467 1027 4529 diaboli
1042 4474 1074 4530 et
1086 4467 1269 4528 damnatione
1283 4483 1353 4542 per-
