<?xml version="1.0" encoding="UTF-8"?>
<!DOCTYPE html PUBLIC "-//W3C//DTD XHTML 1.0 Transitional//EN"
    "http://www.w3.org/TR/xhtml1/DTD/xhtml1-transitional.dtd">
<html xmlns="http://www.w3.org/1999/xhtml" xml:lang="en" lang="en">
 <head>
  <title>
</title>
<meta http-equiv="Content-Type" content="text/html;charset=utf-8" />
  <meta name='ocr-system' content='tesseract 3.04.00' />
  <meta name='ocr-capabilities' content='ocr_page ocr_carea ocr_par ocr_line ocrx_word'/>
</head>
<body>
  <div class='ocr_page' id='page_1' title='image "./desgrafenwolrad03trosgoog_0203.png"; bbox 0 0 3017 5225; ppageno 0'>
   <div class='ocr_carea' id='block_1_1' title="bbox 682 424 866 523">
    <p class='ocr_par' dir='ltr' id='par_1_1' title="bbox 682 424 866 523">
     <span class='ocr_line' id='line_1_1' title="bbox 682 424 866 523; baseline 0 -1"><span class='ocrx_word' id='word_1_1' title='bbox 682 442 747 523; x_wconf 82' lang='grc' dir='ltr'>ιιι</span> <span class='ocrx_word' id='word_1_2' title='bbox 857 424 866 441; x_wconf 82' lang='grc'><strong>”</strong></span> 
     </span>
    </p>
   </div>
   <div class='ocr_carea' id='block_1_2' title="bbox 82 624 1375 2521">
    <p class='ocr_par' dir='ltr' id='par_1_2' title="bbox 82 624 1375 1981">
     <span class='ocr_line' id='line_1_2' title="bbox 125 624 1300 716; baseline 0.003 -17"><span class='ocrx_word' id='word_1_3' title='bbox 125 640 173 701; x_wconf 87' lang='lat' dir='ltr'>lus</span> <span class='ocrx_word' id='word_1_4' title='bbox 186 624 303 700; x_wconf 79' lang='lat' dir='ltr'>veroin</span> <span class='ocrx_word' id='word_1_5' title='bbox 324 639 431 714; x_wconf 84' lang='lat' dir='ltr'>templo</span> <span class='ocrx_word' id='word_1_6' title='bbox 452 638 598 697; x_wconf 86' lang='lat' dir='ltr'>Minorum</span> <span class='ocrx_word' id='word_1_7' title='bbox 620 639 647 698; x_wconf 90' lang='lat' dir='ltr'>d.</span> <span class='ocrx_word' id='word_1_8' title='bbox 671 631 855 701; x_wconf 86' lang='lat' dir='ltr'>Leonardum</span> <span class='ocrx_word' id='word_1_9' title='bbox 875 640 1165 701; x_wconf 81' lang='lat' dir='ltr'>loco-matutinarum</span> <span class='ocrx_word' id='word_1_10' title='bbox 1184 658 1300 716; x_wconf 87' lang='lat' dir='ltr'>precum</span> 
     </span>
     <span class='ocr_line' id='line_1_3' title="bbox 128 742 1298 823; baseline 0.002 -18"><span class='ocrx_word' id='word_1_11' title='bbox 128 760 165 805; x_wconf 85' lang='lat' dir='ltr'>ex</span> <span class='ocrx_word' id='word_1_12' title='bbox 180 748 243 819; x_wconf 88' lang='lat' dir='ltr'>cap.</span> <span class='ocrx_word' id='word_1_13' title='bbox 261 747 281 805; x_wconf 78' lang='lat'><em>8</em></span> <span class='ocrx_word' id='word_1_14' title='bbox 296 746 430 805; x_wconf 76' lang='lat' dir='ltr'>loannis</span> <span class='ocrx_word' id='word_1_15' title='bbox 433 745 495 802; x_wconf 83' lang='lat' dir='ltr'>haec</span> <span class='ocrx_word' id='word_1_16' title='bbox 509 742 656 803; x_wconf 66' lang='lat' dir='ltr'>verbm«</span> <span class='ocrx_word' id='word_1_17' title='bbox 641 744 724 819; x_wconf 52' lang='lat' dir='ltr'>&amp;Ego</span> <span class='ocrx_word' id='word_1_18' title='bbox 741 761 804 804; x_wconf 87' lang='lat' dir='ltr'>sum</span> <span class='ocrx_word' id='word_1_19' title='bbox 822 746 873 804; x_wconf 84' lang='lat' dir='ltr'>lux</span> <span class='ocrx_word' id='word_1_20' title='bbox 887 746 1000 822; x_wconf 90' lang='lat' dir='ltr'>muudi,</span> <span class='ocrx_word' id='word_1_21' title='bbox 1024 746 1073 820; x_wconf 86' lang='lat' dir='ltr'>qui</span> <span class='ocrx_word' id='word_1_22' title='bbox 1088 749 1207 806; x_wconf 91' lang='lat' dir='ltr'>manet</span> <span class='ocrx_word' id='word_1_23' title='bbox 1198 766 1229 807; x_wconf 91' lang='grc' dir='ltr'>ιιι</span> <span class='ocrx_word' id='word_1_24' title='bbox 1242 766 1298 823; x_wconf 92' lang='lat' dir='ltr'>me,</span> 
     </span>
     <span class='ocr_line' id='line_1_4' title="bbox 128 838 1300 940; baseline 0.003 -30"><span class='ocrx_word' id='word_1_25' title='bbox 128 867 187 911; x_wconf 92' lang='lat' dir='ltr'>non</span> <span class='ocrx_word' id='word_1_26' title='bbox 203 849 354 909; x_wconf 75' lang='lat' dir='ltr'>ambulat·</span> <span class='ocrx_word' id='word_1_27' title='bbox 319 855 376 909; x_wconf 88' lang='grc' dir='ltr'>ιιι</span> <span class='ocrx_word' id='word_1_28' title='bbox 396 847 560 923; x_wconf 63' lang='lat' dir='ltr'>tenebrisp·</span> <span class='ocrx_word' id='word_1_29' title='bbox 544 861 641 940; x_wconf 85' lang='lat' dir='ltr'>»pro</span> <span class='ocrx_word' id='word_1_30' title='bbox 663 838 801 925; x_wconf 76' lang='lat' dir='ltr'>suggestu</span> <span class='ocrx_word' id='word_1_31' title='bbox 824 842 1025 925; x_wconf 70' lang='lat' dir='ltr'>explanantem</span> <span class='ocrx_word' id='word_1_32' title='bbox 1046 852 1164 911; x_wconf 84' lang='lat' dir='ltr'>audivit.</span> <span class='ocrx_word' id='word_1_33' title='bbox 1194 853 1300 916; x_wconf 86' lang='lat' dir='ltr'>Docuit</span> 
     </span>
     <span class='ocr_line' id='line_1_5' title="bbox 127 933 1298 1035; baseline 0.002 -21"><span class='ocrx_word' id='word_1_34' title='bbox 127 960 239 1029; x_wconf 87' lang='lat' dir='ltr'>autem,</span> <span class='ocrx_word' id='word_1_35' title='bbox 263 946 394 1028; x_wconf 86' lang='lat' dir='ltr'>quisnam</span> <span class='ocrx_word' id='word_1_36' title='bbox 405 953 469 1011; x_wconf 87' lang='lat' dir='ltr'>haec</span> <span class='ocrx_word' id='word_1_37' title='bbox 484 954 534 1011; x_wconf 89' lang='lat' dir='ltr'>lux</span> <span class='ocrx_word' id='word_1_38' title='bbox 548 934 639 1029; x_wconf 85' lang='lat' dir='ltr'>asset,</span> <span class='ocrx_word' id='word_1_39' title='bbox 662 970 726 1027; x_wconf 87' lang='lat' dir='ltr'>quae</span> <span class='ocrx_word' id='word_1_40' title='bbox 742 961 817 1014; x_wconf 84' lang='lat' dir='ltr'>esset</span> <span class='ocrx_word' id='word_1_41' title='bbox 833 957 930 1030; x_wconf 88' lang='lat' dir='ltr'>unica,</span> <span class='ocrx_word' id='word_1_42' title='bbox 955 971 1019 1028; x_wconf 73' lang='grc' dir='ltr'>(ιιι</span> <span class='ocrx_word' id='word_1_43' title='bbox 1039 962 1115 1035; x_wconf 87' lang='lat' dir='ltr'>esset</span> <span class='ocrx_word' id='word_1_44' title='bbox 1135 933 1298 1017; x_wconf 90' lang='lat' dir='ltr'>illuminans</span> 
     </span>
     <span class='ocr_line' id='line_1_6' title="bbox 127 1055 1299 1142; baseline 0.001 -21"><span class='ocrx_word' id='word_1_45' title='bbox 127 1078 242 1121; x_wconf 90' lang='lat' dir='ltr'>omnem</span> <span class='ocrx_word' id='word_1_46' title='bbox 255 1055 399 1128; x_wconf 85' lang='lat' dir='ltr'>hominem</span> <span class='ocrx_word' id='word_1_47' title='bbox 414 1059 597 1117; x_wconf 84' lang='lat' dir='ltr'>venientem</span> <span class='ocrx_word' id='word_1_48' title='bbox 589 1077 620 1117; x_wconf 88' lang='grc' dir='ltr'>ιι</span> <span class='ocrx_word' id='word_1_49' title='bbox 639 1060 726 1119; x_wconf 91' lang='lat' dir='ltr'>huno</span> <span class='ocrx_word' id='word_1_50' title='bbox 734 1059 880 1119; x_wconf 90' lang='lat' dir='ltr'>mundum</span> <span class='ocrx_word' id='word_1_51' title='bbox 912 1060 985 1123; x_wconf 84' lang='lat' dir='ltr'>Item</span> <span class='ocrx_word' id='word_1_52' title='bbox 1005 1063 1148 1134; x_wconf 90' lang='lat' dir='ltr'>quomodo</span> <span class='ocrx_word' id='word_1_53' title='bbox 1168 1062 1230 1121; x_wconf 84' lang='lat' dir='ltr'>haec</span> <span class='ocrx_word' id='word_1_54' title='bbox 1249 1064 1299 1142; x_wconf 87' lang='lat' dir='ltr'>lux</span> 
     </span>
     <span class='ocr_line' id='line_1_7' title="bbox 127 1158 1299 1242; baseline 0 -17"><span class='ocrx_word' id='word_1_55' title='bbox 127 1173 207 1225; x_wconf 89' lang='lat' dir='ltr'>esset</span> <span class='ocrx_word' id='word_1_56' title='bbox 221 1158 488 1239; x_wconf 74' lang='lat' dir='ltr'>apprehendenda</span> <span class='ocrx_word' id='word_1_57' title='bbox 504 1165 577 1225; x_wconf 85' lang='lat' dir='ltr'>Item</span> <span class='ocrx_word' id='word_1_58' title='bbox 592 1164 668 1237; x_wconf 87' lang='lat' dir='ltr'>quod</span> <span class='ocrx_word' id='word_1_59' title='bbox 682 1166 765 1225; x_wconf 93' lang='lat' dir='ltr'>multi</span> <span class='ocrx_word' id='word_1_60' title='bbox 788 1171 869 1239; x_wconf 90' lang='lat' dir='ltr'>sunt,</span> <span class='ocrx_word' id='word_1_61' title='bbox 894 1167 943 1239; x_wconf 90' lang='lat' dir='ltr'>qni</span> <span class='ocrx_word' id='word_1_62' title='bbox 962 1164 1021 1224; x_wconf 76' lang='lat' dir='ltr'>hac&#39;</span> <span class='ocrx_word' id='word_1_63' title='bbox 1034 1168 1099 1227; x_wconf 92' lang='lat' dir='ltr'>luce</span> <span class='ocrx_word' id='word_1_64' title='bbox 1118 1168 1249 1242; x_wconf 82' lang='lat' dir='ltr'>neglecta</span> <span class='ocrx_word' id='word_1_65' title='bbox 1268 1168 1299 1225; x_wconf 93' lang='lat' dir='ltr'>in</span> 
     </span>
     <span class='ocr_line' id='line_1_8' title="bbox 125 1252 1330 1347; baseline 0.004 -18"><span class='ocrx_word' id='word_1_66' title='bbox 125 1270 257 1329; x_wconf 86' lang='lat' dir='ltr'>tenebris</span> <span class='ocrx_word' id='word_1_67' title='bbox 271 1269 412 1344; x_wconf 77' lang='lat' dir='ltr'>palpitare</span> <span class='ocrx_word' id='word_1_68' title='bbox 428 1274 534 1327; x_wconf 89' lang='lat' dir='ltr'>amant.</span> <span class='ocrx_word' id='word_1_69' title='bbox 566 1270 642 1327; x_wconf 85' lang='lat' dir='ltr'>Item</span> <span class='ocrx_word' id='word_1_70' title='bbox 654 1252 710 1343; x_wconf 91' lang='lat' dir='ltr'>quo</span> <span class='ocrx_word' id='word_1_71' title='bbox 725 1276 796 1345; x_wconf 86' lang='lat' dir='ltr'>typo</span> <span class='ocrx_word' id='word_1_72' title='bbox 812 1269 943 1329; x_wconf 84' lang='lat' dir='ltr'>Christus</span> <span class='ocrx_word' id='word_1_73' title='bbox 958 1273 1104 1345; x_wconf 89' lang='lat' dir='ltr'>apostolos</span> <span class='ocrx_word' id='word_1_74' title='bbox 1125 1274 1202 1347; x_wconf 89' lang='lat' dir='ltr'>apud</span> <span class='ocrx_word' id='word_1_75' title='bbox 1220 1272 1296 1334; x_wconf 87' lang='lat' dir='ltr'>Mat-</span> <span class='ocrx_word' id='word_1_76' title='bbox 1326 1304 1330 1317; x_wconf 80' lang='lat'><em>=</em></span> 
     </span>
     <span class='ocr_line' id='line_1_9' title="bbox 126 1373 1297 1451; baseline 0.002 -16"><span class='ocrx_word' id='word_1_77' title='bbox 126 1376 236 1435; x_wconf 78' lang='lat' dir='ltr'>thaeum</span> <span class='ocrx_word' id='word_1_78' title='bbox 250 1391 314 1451; x_wconf 89' lang='lat' dir='ltr'>cap.</span> <span class='ocrx_word' id='word_1_79' title='bbox 332 1376 350 1433; x_wconf 81' lang='lat'>5</span> <span class='ocrx_word' id='word_1_80' title='bbox 365 1376 463 1435; x_wconf 89' lang='lat' dir='ltr'>lucem.</span> <span class='ocrx_word' id='word_1_81' title='bbox 472 1375 572 1440; x_wconf 88' lang='lat' dir='ltr'>mundi</span> <span class='ocrx_word' id='word_1_82' title='bbox 586 1375 703 1447; x_wconf 85' lang='lat' dir='ltr'>diceret.</span> <span class='ocrx_word' id='word_1_83' title='bbox 734 1377 775 1434; x_wconf 85' lang='lat' dir='ltr'>Et</span> <span class='ocrx_word' id='word_1_84' title='bbox 789 1381 931 1449; x_wconf 85' lang='lat' dir='ltr'>quotquot</span> <span class='ocrx_word' id='word_1_85' title='bbox 943 1373 1107 1436; x_wconf 83' lang='lat' dir='ltr'>illuminant</span> <span class='ocrx_word' id='word_1_86' title='bbox 1121 1384 1245 1438; x_wconf 87' lang='lat' dir='ltr'>mentem</span> <span class='ocrx_word' id='word_1_87' title='bbox 1260 1379 1297 1437; x_wconf 90' lang='lat' dir='ltr'>ab</span> 
     </span>
     <span class='ocr_line' id='line_1_10' title="bbox 127 1475 1299 1570; baseline 0.001 -31"><span class='ocrx_word' id='word_1_88' title='bbox 127 1482 214 1555; x_wconf 78' lang='lat' dir='ltr'>hujus</span> <span class='ocrx_word' id='word_1_89' title='bbox 236 1482 307 1539; x_wconf 89' lang='lat' dir='ltr'>lucis</span> <span class='ocrx_word' id='word_1_90' title='bbox 326 1479 415 1542; x_wconf 86' lang='lat' dir='ltr'>radiis</span> <span class='ocrx_word' id='word_1_91' title='bbox 435 1480 532 1539; x_wconf 91' lang='lat' dir='ltr'>lumen</span> <span class='ocrx_word' id='word_1_92' title='bbox 551 1480 703 1570; x_wconf 65' lang='lat' dir='ltr'>accipiant</span> <span class='ocrx_word' id='word_1_93' title='bbox 743 1475 816 1541; x_wconf 81' lang='grc' dir='ltr'>Ιιιιιι</span> <span class='ocrx_word' id='word_1_94' title='bbox 837 1481 914 1553; x_wconf 87' lang='lat' dir='ltr'>quod</span> <span class='ocrx_word' id='word_1_95' title='bbox 933 1482 1028 1540; x_wconf 90' lang='lat' dir='ltr'>nullus</span> <span class='ocrx_word' id='word_1_96' title='bbox 1048 1500 1174 1555; x_wconf 88' lang='lat' dir='ltr'>unquam</span> <span class='ocrx_word' id='word_1_97' title='bbox 1194 1485 1226 1541; x_wconf 90' lang='lat' dir='ltr'>in</span> <span class='ocrx_word' id='word_1_98' title='bbox 1244 1483 1299 1543; x_wconf 83' lang='lat' dir='ltr'>hac</span> 
     </span>
     <span class='ocr_line' id='line_1_11' title="bbox 127 1583 1296 1660; baseline 0.002 -17"><span class='ocrx_word' id='word_1_99' title='bbox 127 1586 192 1645; x_wconf 88' lang='lat' dir='ltr'>luce</span> <span class='ocrx_word' id='word_1_100' title='bbox 208 1585 357 1645; x_wconf 89' lang='lat' dir='ltr'>ambulans</span> <span class='ocrx_word' id='word_1_101' title='bbox 372 1604 390 1645; x_wconf 94' lang='lat' dir='ltr'>a</span> <span class='ocrx_word' id='word_1_102' title='bbox 403 1584 534 1645; x_wconf 85' lang='lat' dir='ltr'>tenebris</span> <span class='ocrx_word' id='word_1_103' title='bbox 548 1583 662 1659; x_wconf 81' lang='lat' dir='ltr'>inferni,</span> <span class='ocrx_word' id='word_1_104' title='bbox 678 1586 779 1645; x_wconf 90' lang='lat' dir='ltr'>mundi</span> <span class='ocrx_word' id='word_1_105' title='bbox 794 1591 824 1645; x_wconf 91' lang='lat' dir='ltr'>et</span> <span class='ocrx_word' id='word_1_106' title='bbox 838 1588 940 1646; x_wconf 81' lang='lat' dir='ltr'>mortis</span> <span class='ocrx_word' id='word_1_107' title='bbox 955 1586 1110 1660; x_wconf 89' lang='lat' dir='ltr'>depressus</span> <span class='ocrx_word' id='word_1_108' title='bbox 1123 1590 1169 1647; x_wconf 88' lang='lat' dir='ltr'>sit.</span> <span class='ocrx_word' id='word_1_109' title='bbox 1192 1587 1232 1646; x_wconf 89' lang='lat' dir='ltr'>Et</span> <span class='ocrx_word' id='word_1_110' title='bbox 1247 1588 1296 1646; x_wconf 71' lang='lat' dir='ltr'>de‘·</span> 
     </span>
     <span class='ocr_line' id='line_1_12' title="bbox 127 1671 1301 1763; baseline 0 -14"><span class='ocrx_word' id='word_1_111' title='bbox 127 1692 217 1763; x_wconf 87' lang='lat' dir='ltr'>nique</span> <span class='ocrx_word' id='word_1_112' title='bbox 231 1687 322 1751; x_wconf 87' lang='lat' dir='ltr'>lucem</span> <span class='ocrx_word' id='word_1_113' title='bbox 338 1693 415 1750; x_wconf 90' lang='lat' dir='ltr'>illam</span> <span class='ocrx_word' id='word_1_114' title='bbox 429 1707 527 1751; x_wconf 86' lang='lat' dir='ltr'>veram</span> <span class='ocrx_word' id='word_1_115' title='bbox 543 1690 687 1750; x_wconf 91' lang='lat' dir='ltr'>dominum</span> <span class='ocrx_word' id='word_1_116' title='bbox 702 1696 832 1749; x_wconf 92' lang='lat' dir='ltr'>nostrum</span> <span class='ocrx_word' id='word_1_117' title='bbox 847 1671 947 1750; x_wconf 85' lang='lat' dir='ltr'>Jesum</span> <span class='ocrx_word' id='word_1_118' title='bbox 968 1691 1114 1752; x_wconf 77' lang='lat' dir='ltr'>Christum</span> <span class='ocrx_word' id='word_1_119' title='bbox 1133 1694 1175 1751; x_wconf 89' lang='lat' dir='ltr'>ita</span> <span class='ocrx_word' id='word_1_120' title='bbox 1194 1692 1301 1762; x_wconf 84' lang='lat' dir='ltr'>animis</span> 
     </span>
     <span class='ocr_line' id='line_1_13' title="bbox 128 1775 1375 1904; baseline 0.001 -49"><span class='ocrx_word' id='word_1_121' title='bbox 128 1789 294 1857; x_wconf 75' lang='lat' dir='ltr'>auditorum</span> <span class='ocrx_word' id='word_1_122' title='bbox 307 1793 451 1855; x_wconf 89' lang='lat' dir='ltr'>inculcare</span> <span class='ocrx_word' id='word_1_123' title='bbox 467 1796 583 1871; x_wconf 79' lang='lat' dir='ltr'>sategit</span> <span class='ocrx_word' id='word_1_124' title='bbox 598 1801 632 1855; x_wconf 91' lang='lat' dir='ltr'>ut</span> <span class='ocrx_word' id='word_1_125' title='bbox 645 1797 737 1855; x_wconf 88' lang='lat' dir='ltr'>lucem</span> <span class='ocrx_word' id='word_1_126' title='bbox 752 1798 830 1904; x_wconf 81' lang='lat' dir='ltr'>illam</span> <span class='ocrx_word' id='word_1_127' title='bbox 845 1799 936 1857; x_wconf 88' lang='lat' dir='ltr'>amari</span> <span class='ocrx_word' id='word_1_128' title='bbox 950 1815 969 1858; x_wconf 91' lang='lat' dir='ltr'>a</span> <span class='ocrx_word' id='word_1_129' title='bbox 983 1775 1209 1860; x_wconf 83' lang='lat' dir='ltr'>concionatore</span> <span class='ocrx_word' id='word_1_130' title='bbox 1201 1813 1263 1875; x_wconf 82' lang='lat' dir='ltr'>ipso</span> <span class='ocrx_word' id='word_1_131' title='bbox 1279 1814 1299 1856; x_wconf 89' lang='lat' dir='ltr'>a</span> <span class='ocrx_word' id='word_1_132' title='bbox 1370 1859 1375 1866; x_wconf 34' lang='lat'>,</span> 
     </span>
     <span class='ocr_line' id='line_1_14' title="bbox 82 1900 665 1981; baseline 0 -21"><span class='ocrx_word' id='word_1_133' title='bbox 82 1976 84 1981; x_wconf 10' lang='lat' dir='ltr'>X</span> <span class='ocrx_word' id='word_1_134' title='bbox 128 1902 242 1961; x_wconf 90' lang='lat' dir='ltr'>nemine</span> <span class='ocrx_word' id='word_1_135' title='bbox 257 1900 391 1961; x_wconf 87' lang='lat' dir='ltr'>inficias</span> <span class='ocrx_word' id='word_1_136' title='bbox 383 1918 426 1961; x_wconf 82' lang='lat' dir='ltr'>ure</span> <span class='ocrx_word' id='word_1_137' title='bbox 441 1902 541 1977; x_wconf 86' lang='lat' dir='ltr'>possit</span> <span class='ocrx_word' id='word_1_138' title='bbox 636 1918 639 1925; x_wconf 75' lang='grc'><strong><em>’</em></strong></span> <span class='ocrx_word' id='word_1_139' title='bbox 664 1966 665 1971; x_wconf 23' lang='grc'>,</span> 
     </span>
    </p>

    <p class='ocr_par' dir='ltr' id='par_1_3' title="bbox 128 1984 1298 2503">
     <span class='ocr_line' id='line_1_15' title="bbox 173 1984 1298 2081; baseline -0.002 -15.917"><span class='ocrx_word' id='word_1_140' title='bbox 173 2002 340 2067; x_wconf 86' lang='lat' dir='ltr'>Domina</span> <span class='ocrx_word' id='word_1_141' title='bbox 353 1984 437 2081; x_wconf 85' lang='lat' dir='ltr'>Jesu,</span> <span class='ocrx_word' id='word_1_142' title='bbox 459 2002 594 2080; x_wconf 84' lang='lat' dir='ltr'>splendor</span> <span class='ocrx_word' id='word_1_143' title='bbox 610 2012 639 2067; x_wconf 92' lang='lat' dir='ltr'>e</span> <span class='ocrx_word' id='word_1_144' title='bbox 653 2008 746 2079; x_wconf 80' lang='lat' dir='ltr'>imago</span> <span class='ocrx_word' id='word_1_145' title='bbox 768 2006 816 2079; x_wconf 81' lang='lat' dir='ltr'>dei</span> <span class='ocrx_word' id='word_1_146' title='bbox 835 2006 927 2079; x_wconf 88' lang='lat' dir='ltr'>patris</span> <span class='ocrx_word' id='word_1_147' title='bbox 946 2005 1084 2065; x_wconf 87' lang='lat' dir='ltr'>habitans</span> <span class='ocrx_word' id='word_1_148' title='bbox 1101 2022 1166 2065; x_wconf 92' lang='lat' dir='ltr'>cum</span> <span class='ocrx_word' id='word_1_149' title='bbox 1184 2007 1247 2079; x_wconf 91' lang='lat' dir='ltr'>ipso</span> <span class='ocrx_word' id='word_1_150' title='bbox 1268 2011 1298 2065; x_wconf 89' lang='lat' dir='ltr'>et</span> 
     </span>
     <span class='ocr_line' id='line_1_16' title="bbox 129 2096 1298 2187; baseline -0.003 -16"><span class='ocrx_word' id='word_1_151' title='bbox 129 2119 230 2172; x_wconf 89' lang='lat' dir='ltr'>sancto</span> <span class='ocrx_word' id='word_1_152' title='bbox 246 2096 371 2187; x_wconf 82' lang='lat' dir='ltr'>spiritu</span> <span class='ocrx_word' id='word_1_153' title='bbox 363 2129 394 2171; x_wconf 88' lang='grc' dir='ltr'>ιι</span> <span class='ocrx_word' id='word_1_154' title='bbox 409 2111 582 2171; x_wconf 86' lang='lat' dir='ltr'>inaccesibili</span> <span class='ocrx_word' id='word_1_155' title='bbox 597 2112 673 2186; x_wconf 88' lang='lat' dir='ltr'>luce,</span> <span class='ocrx_word' id='word_1_156' title='bbox 698 2112 747 2184; x_wconf 93' lang='lat' dir='ltr'>qui</span> <span class='ocrx_word' id='word_1_157' title='bbox 762 2118 791 2169; x_wconf 91' lang='lat' dir='ltr'>te</span> <span class='ocrx_word' id='word_1_158' title='bbox 805 2109 930 2169; x_wconf 88' lang='lat' dir='ltr'>veridico</span> <span class='ocrx_word' id='word_1_159' title='bbox 945 2115 1002 2170; x_wconf 79' lang='lat' dir='ltr'>tuo·</span> <span class='ocrx_word' id='word_1_160' title='bbox 1016 2128 1066 2171; x_wconf 87' lang='lat' dir='ltr'>ore</span> <span class='ocrx_word' id='word_1_161' title='bbox 1086 2109 1178 2169; x_wconf 90' lang='lat' dir='ltr'>lucem</span> <span class='ocrx_word' id='word_1_162' title='bbox 1199 2103 1298 2168; x_wconf 87' lang='lat' dir='ltr'>mundi</span> 
     </span>
     <span class='ocr_line' id='line_1_17' title="bbox 129 2197 1297 2309; baseline -0.003 -32"><span class='ocrx_word' id='word_1_163' title='bbox 129 2218 241 2292; x_wconf 86' lang='lat' dir='ltr'>dixisti,</span> <span class='ocrx_word' id='word_1_164' title='bbox 264 2223 295 2278; x_wconf 88' lang='lat' dir='ltr'>te</span> <span class='ocrx_word' id='word_1_165' title='bbox 315 2208 459 2277; x_wconf 78' lang='lat' dir='ltr'>humiliter</span> <span class='ocrx_word' id='word_1_166' title='bbox 478 2216 630 2290; x_wconf 86' lang='lat' dir='ltr'>deprecor,</span> <span class='ocrx_word' id='word_1_167' title='bbox 653 2200 686 2275; x_wconf 86' lang='grc' dir='ltr'>ιι</span> <span class='ocrx_word' id='word_1_168' title='bbox 706 2222 735 2277; x_wconf 88' lang='grc' dir='ltr'>ιι</span> <span class='ocrx_word' id='word_1_169' title='bbox 754 2232 801 2274; x_wconf 83' lang='grc' dir='ltr'>ιιι</span> <span class='ocrx_word' id='word_1_170' title='bbox 820 2197 955 2309; x_wconf 80' lang='lat' dir='ltr'>misenum</span> <span class='ocrx_word' id='word_1_171' title='bbox 968 2216 1000 2273; x_wconf 91' lang='lat' dir='ltr'>in</span> <span class='ocrx_word' id='word_1_172' title='bbox 1013 2217 1100 2274; x_wconf 85' lang='lat' dir='ltr'>variis</span> <span class='ocrx_word' id='word_1_173' title='bbox 1115 2197 1297 2292; x_wconf 87' lang='lat' dir='ltr'>peccatorum</span> 
     </span>
     <span class='ocr_line' id='line_1_18' title="bbox 128 2306 1297 2417; baseline -0.005 -34"><span class='ocrx_word' id='word_1_174' title='bbox 128 2324 256 2383; x_wconf 82' lang='lat' dir='ltr'>tenebris</span> <span class='ocrx_word' id='word_1_175' title='bbox 271 2306 459 2398; x_wconf 85' lang='lat' dir='ltr'>palpitantem</span> <span class='ocrx_word' id='word_1_176' title='bbox 472 2309 525 2381; x_wconf 91' lang='grc' dir='ltr'>ιιι</span> <span class='ocrx_word' id='word_1_177' title='bbox 539 2322 588 2381; x_wconf 89' lang='lat' dir='ltr'>illa</span> <span class='ocrx_word' id='word_1_178' title='bbox 603 2324 666 2381; x_wconf 89' lang='lat' dir='ltr'>luce</span> <span class='ocrx_word' id='word_1_179' title='bbox 681 2322 834 2395; x_wconf 91' lang='lat' dir='ltr'>illumines,</span> <span class='ocrx_word' id='word_1_180' title='bbox 850 2337 908 2393; x_wconf 85' lang='lat' dir='ltr'>quo</span> <span class='ocrx_word' id='word_1_181' title='bbox 923 2321 954 2379; x_wconf 91' lang='lat' dir='ltr'>in</span> <span class='ocrx_word' id='word_1_182' title='bbox 968 2320 1068 2379; x_wconf 87' lang='lat' dir='ltr'>eadem</span> <span class='ocrx_word' id='word_1_183' title='bbox 1082 2322 1224 2417; x_wconf 88' lang='lat' dir='ltr'>reliquam</span> <span class='ocrx_word' id='word_1_184' title='bbox 1239 2320 1297 2379; x_wconf 89' lang='grc' dir='ltr'>ιιι-</span> 
     </span>
     <span class='ocr_line' id='line_1_19' title="bbox 128 2419 1297 2521; baseline -0.006 -32"><span class='ocrx_word' id='word_1_185' title='bbox 128 2428 213 2503; x_wconf 55' lang='lat' dir='ltr'>mam</span> <span class='ocrx_word' id='word_1_186' title='bbox 228 2430 294 2488; x_wconf 81' lang='lat' dir='ltr'>ritae</span> <span class='ocrx_word' id='word_1_187' title='bbox 308 2443 379 2487; x_wconf 77' lang='lat' dir='ltr'>mea</span> <span class='ocrx_word' id='word_1_188' title='bbox 394 2428 618 2521; x_wconf 76' lang='lat' dir='ltr'>portiunculam,</span> <span class='ocrx_word' id='word_1_189' title='bbox 641 2444 677 2487; x_wconf 92' lang='lat' dir='ltr'>ne</span> <span class='ocrx_word' id='word_1_190' title='bbox 692 2426 782 2502; x_wconf 87' lang='lat' dir='ltr'>pedes</span> <span class='ocrx_word' id='word_1_191' title='bbox 803 2427 890 2485; x_wconf 90' lang='lat' dir='ltr'>animi</span> <span class='ocrx_word' id='word_1_192' title='bbox 908 2419 964 2485; x_wconf 89' lang='lat' dir='ltr'>mei</span> <span class='ocrx_word' id='word_1_193' title='bbox 980 2442 1109 2500; x_wconf 87' lang='lat' dir='ltr'>unquam</span> <span class='ocrx_word' id='word_1_194' title='bbox 1127 2419 1166 2485; x_wconf 83' lang='lat' dir='ltr'>ad</span> <span class='ocrx_word' id='word_1_195' title='bbox 1185 2430 1297 2499; x_wconf 86' lang='lat' dir='ltr'>petram</span> 
     </span>
    </p>
   </div>
   <div class='ocr_carea' id='block_1_3' title="bbox 128 2518 1386 2618">
    <p class='ocr_par' dir='ltr' id='par_1_4' title="bbox 128 2518 1386 2618">
     <span class='ocr_line' id='line_1_20' title="bbox 128 2518 1386 2618; baseline -0.006 -25"><span class='ocrx_word' id='word_1_196' title='bbox 128 2532 257 2594; x_wconf 76' lang='lat' dir='ltr'>scandad</span> <span class='ocrx_word' id='word_1_197' title='bbox 280 2522 438 2607; x_wconf 83' lang='lat' dir='ltr'>dffendant,</span> <span class='ocrx_word' id='word_1_198' title='bbox 465 2531 672 2607; x_wconf 84' lang='lat' dir='ltr'>ambulantem,</span> <span class='ocrx_word' id='word_1_199' title='bbox 696 2534 827 2606; x_wconf 88' lang='lat' dir='ltr'>inquam,</span> <span class='ocrx_word' id='word_1_200' title='bbox 858 2534 889 2589; x_wconf 92' lang='lat' dir='ltr'>in</span> <span class='ocrx_word' id='word_1_201' title='bbox 909 2530 968 2590; x_wconf 89' lang='lat' dir='ltr'>lide</span> <span class='ocrx_word' id='word_1_202' title='bbox 988 2536 1018 2591; x_wconf 90' lang='lat' dir='ltr'>et</span> <span class='ocrx_word' id='word_1_203' title='bbox 1030 2518 1177 2618; x_wconf 85' lang='lat' dir='ltr'>charitate</span> <span class='ocrx_word' id='word_1_204' title='bbox 1197 2530 1244 2589; x_wconf 87' lang='lat' dir='ltr'>dei</span> <span class='ocrx_word' id='word_1_205' title='bbox 1264 2546 1299 2589; x_wconf 91' lang='lat' dir='ltr'>ac</span> <span class='ocrx_word' id='word_1_206' title='bbox 1383 2580 1386 2586; x_wconf 92' lang='grc'>,</span> 
     </span>
    </p>
   </div>
   <div class='ocr_carea' id='block_1_4' title="bbox 62 2615 1321 4686">
    <p class='ocr_par' dir='ltr' id='par_1_5' title="bbox 127 2615 1299 3027">
     <span class='ocr_line' id='line_1_21' title="bbox 127 2615 1298 2716; baseline -0.006 -16"><span class='ocrx_word' id='word_1_207' title='bbox 127 2642 264 2716; x_wconf 84' lang='lat' dir='ltr'>proximi,</span> <span class='ocrx_word' id='word_1_208' title='bbox 288 2641 389 2701; x_wconf 89' lang='lat' dir='ltr'>uttibi</span> <span class='ocrx_word' id='word_1_209' title='bbox 403 2656 451 2713; x_wconf 84' lang='grc' dir='ltr'>ιι,</span> <span class='ocrx_word' id='word_1_210' title='bbox 475 2655 538 2712; x_wconf 81' lang='lat' dir='ltr'>quae</span> <span class='ocrx_word' id='word_1_211' title='bbox 553 2638 606 2702; x_wconf 88' lang='lat' dir='ltr'>tibi</span> <span class='ocrx_word' id='word_1_212' title='bbox 621 2638 718 2698; x_wconf 87' lang='lat' dir='ltr'>debita</span> <span class='ocrx_word' id='word_1_213' title='bbox 734 2642 792 2709; x_wconf 90' lang='lat' dir='ltr'>est,</span> <span class='ocrx_word' id='word_1_214' title='bbox 816 2637 954 2711; x_wconf 80' lang='lat' dir='ltr'>gloriam</span> <span class='ocrx_word' id='word_1_215' title='bbox 973 2653 1020 2696; x_wconf 94' lang='lat' dir='ltr'>me</span> <span class='ocrx_word' id='word_1_216' title='bbox 1039 2615 1216 2709; x_wconf 86' lang='lat' dir='ltr'>asservetur,</span> <span class='ocrx_word' id='word_1_217' title='bbox 1241 2651 1298 2707; x_wconf 87' lang='lat' dir='ltr'>quo</span> 
     </span>
     <span class='ocr_line' id='line_1_22' title="bbox 127 2740 1295 2846; baseline -0.008 -42"><span class='ocrx_word' id='word_1_218' title='bbox 127 2741 261 2806; x_wconf 88' lang='lat' dir='ltr'>idoneum</span> <span class='ocrx_word' id='word_1_219' title='bbox 276 2744 433 2806; x_wconf 87' lang='lat' dir='ltr'>membrum</span> <span class='ocrx_word' id='word_1_220' title='bbox 447 2745 490 2802; x_wconf 84' lang='lat' dir='ltr'>tui</span> <span class='ocrx_word' id='word_1_221' title='bbox 507 2741 636 2846; x_wconf 84' lang='lat' dir='ltr'>corporis</span> <span class='ocrx_word' id='word_1_222' title='bbox 650 2743 762 2816; x_wconf 82' lang='lat' dir='ltr'>mystici</span> <span class='ocrx_word' id='word_1_223' title='bbox 777 2740 894 2800; x_wconf 82' lang='lat' dir='ltr'>effectus</span> <span class='ocrx_word' id='word_1_224' title='bbox 909 2745 938 2800; x_wconf 89' lang='lat' dir='ltr'>te</span> <span class='ocrx_word' id='word_1_225' title='bbox 954 2757 1018 2799; x_wconf 91' lang='lat' dir='ltr'>cum</span> <span class='ocrx_word' id='word_1_226' title='bbox 1037 2748 1132 2816; x_wconf 70' lang='lat' dir='ltr'>patre,</span> <span class='ocrx_word' id='word_1_227' title='bbox 1145 2747 1175 2799; x_wconf 92' lang='lat' dir='ltr'>et</span> <span class='ocrx_word' id='word_1_228' title='bbox 1195 2757 1217 2798; x_wconf 91' lang='lat' dir='ltr'>s.</span> <span class='ocrx_word' id='word_1_229' title='bbox 1238 2741 1295 2810; x_wconf 90' lang='lat' dir='ltr'>spi-</span> 
     </span>
     <span class='ocr_line' id='line_1_23' title="bbox 127 2839 1299 2922; baseline -0.003 -14"><span class='ocrx_word' id='word_1_230' title='bbox 127 2851 187 2909; x_wconf 91' lang='lat' dir='ltr'>ritu</span> <span class='ocrx_word' id='word_1_231' title='bbox 206 2850 321 2912; x_wconf 83' lang='lat' dir='ltr'>laudaui</span> <span class='ocrx_word' id='word_1_232' title='bbox 341 2855 380 2909; x_wconf 88' lang='lat' dir='ltr'>et</span> <span class='ocrx_word' id='word_1_233' title='bbox 392 2847 531 2909; x_wconf 86' lang='lat' dir='ltr'>confitear</span> <span class='ocrx_word' id='word_1_234' title='bbox 543 2839 707 2922; x_wconf 84' lang='lat' dir='ltr'>perpetim,</span> <span class='ocrx_word' id='word_1_235' title='bbox 733 2847 782 2921; x_wconf 90' lang='lat' dir='ltr'>qui</span> <span class='ocrx_word' id='word_1_236' title='bbox 801 2851 940 2912; x_wconf 83' lang='lat' dir='ltr'>venturus</span> <span class='ocrx_word' id='word_1_237' title='bbox 962 2863 993 2905; x_wconf 91' lang='lat' dir='ltr'>es</span> <span class='ocrx_word' id='word_1_238' title='bbox 1012 2845 1143 2919; x_wconf 88' lang='lat' dir='ltr'>judicare</span> <span class='ocrx_word' id='word_1_239' title='bbox 1165 2845 1245 2907; x_wconf 84' lang='lat' dir='ltr'>vivos</span> <span class='ocrx_word' id='word_1_240' title='bbox 1269 2849 1299 2905; x_wconf 81' lang='lat' dir='ltr'>et</span> 
     </span>
     <span class='ocr_line' id='line_1_24' title="bbox 127 2954 627 3027; baseline -0.012 -11"><span class='ocrx_word' id='word_1_241' title='bbox 127 2961 257 3018; x_wconf 85' lang='lat' dir='ltr'>mortuos</span> <span class='ocrx_word' id='word_1_242' title='bbox 272 2962 302 3015; x_wconf 90' lang='lat' dir='ltr'>et</span> <span class='ocrx_word' id='word_1_243' title='bbox 289 2957 442 3015; x_wconf 89' lang='lat' dir='ltr'>tseculum</span> <span class='ocrx_word' id='word_1_244' title='bbox 457 2959 509 3027; x_wconf 88' lang='lat' dir='ltr'>per</span> <span class='ocrx_word' id='word_1_245' title='bbox 524 2954 627 3027; x_wconf 85' lang='lat' dir='ltr'>ignem.</span> 
     </span>
    </p>

    <p class='ocr_par' dir='ltr' id='par_1_6' title="bbox 62 3017 1298 3441">
     <span class='ocr_line' id='line_1_25' title="bbox 62 3017 1294 3133; baseline -0.008 -12"><span class='ocrx_word' id='word_1_246' title='bbox 62 3035 70 3051; x_wconf 66' lang='grc'><strong><em>’</em></strong></span> <span class='ocrx_word' id='word_1_247' title='bbox 218 3061 418 3133; x_wconf 78' lang='lat' dir='ltr'>Litoriust</span> <span class='ocrx_word' id='word_1_248' title='bbox 368 3065 418 3121; x_wconf 90' lang='lat' dir='ltr'>aut</span> <span class='ocrx_word' id='word_1_249' title='bbox 419 3076 463 3118; x_wconf 87' lang='lat' dir='ltr'>om</span> <span class='ocrx_word' id='word_1_250' title='bbox 479 3059 547 3133; x_wconf 88' lang='lat' dir='ltr'>quia</span> <span class='ocrx_word' id='word_1_251' title='bbox 561 3058 626 3117; x_wconf 85' lang='lat' dir='ltr'>irem</span> <span class='ocrx_word' id='word_1_252' title='bbox 636 3063 705 3132; x_wconf 90' lang='lat' dir='ltr'>post</span> <span class='ocrx_word' id='word_1_253' title='bbox 720 3073 831 3117; x_wconf 88' lang='lat' dir='ltr'>coenam</span> <span class='ocrx_word' id='word_1_254' title='bbox 846 3017 1050 3130; x_wconf 74' lang='lat' dir='ltr'>Obennburger</span> <span class='ocrx_word' id='word_1_255' title='bbox 1064 3044 1192 3115; x_wconf 88' lang='lat' dir='ltr'>adierat</span> <span class='ocrx_word' id='word_1_256' title='bbox 1190 3069 1226 3132; x_wconf 86' lang='lat' dir='ltr'>ac</span> <span class='ocrx_word' id='word_1_257' title='bbox 1247 3069 1294 3112; x_wconf 88' lang='lat' dir='ltr'>ca-</span> 
     </span>
     <span class='ocr_line' id='line_1_26' title="bbox 127 3132 1296 3248; baseline -0.01 -22"><span class='ocrx_word' id='word_1_258' title='bbox 127 3167 231 3242; x_wconf 83' lang='lat' dir='ltr'>pitulo</span> <span class='ocrx_word' id='word_1_259' title='bbox 235 3167 269 3226; x_wconf 89' lang='lat' dir='ltr'>lit</span> <span class='ocrx_word' id='word_1_260' title='bbox 256 3172 395 3228; x_wconf 88' lang='lat' dir='ltr'>tterarum</span> <span class='ocrx_word' id='word_1_261' title='bbox 410 3164 586 3224; x_wconf 84' lang='lat' dir='ltr'>remissionis</span> <span class='ocrx_word' id='word_1_262' title='bbox 600 3164 694 3248; x_wconf 84' lang='lat' dir='ltr'>obiter</span> <span class='ocrx_word' id='word_1_263' title='bbox 709 3163 835 3236; x_wconf 89' lang='lat' dir='ltr'>vider·,at</span> <span class='ocrx_word' id='word_1_264' title='bbox 858 3150 970 3235; x_wconf 83' lang='lat' dir='ltr'>summo</span> <span class='ocrx_word' id='word_1_265' title='bbox 982 3178 1065 3219; x_wconf 90' lang='lat' dir='ltr'>mane</span> <span class='ocrx_word' id='word_1_266' title='bbox 1069 3132 1231 3218; x_wconf 84' lang='lat' dir='ltr'>eundem</span> <span class='ocrx_word' id='word_1_267' title='bbox 1224 3156 1296 3215; x_wconf 84' lang='grc' dir='ltr'>ιιιι-</span> 
     </span>
     <span class='ocr_line' id='line_1_27' title="bbox 126 3257 1298 3367; baseline -0.009 -37"><span class='ocrx_word' id='word_1_268' title='bbox 126 3285 192 3332; x_wconf 85' lang='lat' dir='ltr'>serc</span> <span class='ocrx_word' id='word_1_269' title='bbox 207 3271 249 3344; x_wconf 87' lang='lat' dir='ltr'>illi</span> <span class='ocrx_word' id='word_1_270' title='bbox 263 3271 442 3331; x_wconf 89' lang='lat' dir='ltr'>commodum</span> <span class='ocrx_word' id='word_1_271' title='bbox 456 3257 546 3328; x_wconf 83' lang='lat' dir='ltr'>visum</span> <span class='ocrx_word' id='word_1_272' title='bbox 562 3275 618 3342; x_wconf 86' lang='lat' dir='ltr'>est,</span> <span class='ocrx_word' id='word_1_273' title='bbox 643 3285 710 3326; x_wconf 92' lang='lat' dir='ltr'>num</span> <span class='ocrx_word' id='word_1_274' title='bbox 731 3269 828 3341; x_wconf 84' lang='lat' dir='ltr'>capita</span> <span class='ocrx_word' id='word_1_275' title='bbox 848 3267 1009 3334; x_wconf 86' lang='lat' dir='ltr'>litterarum</span> <span class='ocrx_word' id='word_1_276' title='bbox 1029 3264 1115 3323; x_wconf 90' lang='lat' dir='ltr'>hodie</span> <span class='ocrx_word' id='word_1_277' title='bbox 1135 3263 1298 3367; x_wconf 86' lang='lat' dir='ltr'>conscripta</span> 
     </span>
     <span class='ocr_line' id='line_1_28' title="bbox 127 3366 751 3462; baseline -0.013 -26"><span class='ocrx_word' id='word_1_278' title='bbox 127 3381 245 3462; x_wconf 83' lang='lat' dir='ltr'>essent..</span> <span class='ocrx_word' id='word_1_279' title='bbox 267 3377 323 3438; x_wconf 87' lang='lat' dir='ltr'>Sed</span> <span class='ocrx_word' id='word_1_280' title='bbox 338 3377 409 3436; x_wconf 91' lang='lat' dir='ltr'>nihil</span> <span class='ocrx_word' id='word_1_281' title='bbox 424 3375 518 3436; x_wconf 90' lang='lat' dir='ltr'>adhuc</span> <span class='ocrx_word' id='word_1_282' title='bbox 533 3366 663 3432; x_wconf 84' lang='lat' dir='ltr'>&#39;effectum</span> <span class='ocrx_word' id='word_1_283' title='bbox 679 3376 751 3430; x_wconf 87' lang='lat' dir='ltr'>erat.</span> 
     </span>
    </p>

    <p class='ocr_par' dir='ltr' id='par_1_7' title="bbox 103 3451 1321 4606">
     <span class='ocr_line' id='line_1_29' title="bbox 183 3451 1321 3576; baseline -0.014 -33.538"><span class='ocrx_word' id='word_1_284' title='bbox 183 3483 346 3576; x_wconf 67' lang='lat' dir='ltr'>Eubulus</span> <span class='ocrx_word' id='word_1_285' title='bbox 361 3499 430 3542; x_wconf 85' lang='lat' dir='ltr'>varo</span> <span class='ocrx_word' id='word_1_286' title='bbox 451 3481 528 3540; x_wconf 87' lang='lat' dir='ltr'>aedes</span> <span class='ocrx_word' id='word_1_287' title='bbox 549 3477 577 3538; x_wconf 93' lang='lat' dir='ltr'>d.</span> <span class='ocrx_word' id='word_1_288' title='bbox 599 3476 723 3562; x_wconf 87' lang='lat' dir='ltr'>Musouli</span> <span class='ocrx_word' id='word_1_289' title='bbox 742 3481 793 3548; x_wconf 90' lang='lat' dir='ltr'>pet</span> <span class='ocrx_word' id='word_1_290' title='bbox 780 3475 842 3534; x_wconf 87' lang='grc' dir='ltr'>ιιι</span> <span class='ocrx_word' id='word_1_291' title='bbox 834 3475 903 3555; x_wconf 80' lang='lat' dir='ltr'>ipsi</span> <span class='ocrx_word' id='word_1_292' title='bbox 908 3473 1085 3547; x_wconf 78' lang='lat' dir='ltr'>valedicens,</span> <span class='ocrx_word' id='word_1_293' title='bbox 1108 3487 1248 3545; x_wconf 83' lang='lat' dir='ltr'>enarrans</span> <span class='ocrx_word' id='word_1_294' title='bbox 1268 3475 1298 3549; x_wconf 88' lang='lat' dir='ltr'>et</span> <span class='ocrx_word' id='word_1_295' title='bbox 1318 3451 1321 3466; x_wconf 61' lang='lat'>⁸</span> 
     </span>
     <span class='ocr_line' id='line_1_30' title="bbox 127 3555 1298 3663; baseline -0.013 -15"><span class='ocrx_word' id='word_1_296' title='bbox 127 3581 258 3663; x_wconf 89' lang='lat' dir='ltr'>audiens,</span> <span class='ocrx_word' id='word_1_297' title='bbox 275 3566 405 3662; x_wconf 77' lang='lat' dir='ltr'>quisnam</span> <span class='ocrx_word' id='word_1_298' title='bbox 420 3584 571 3658; x_wconf 83' lang='lat' dir='ltr'>utriusque</span> <span class='ocrx_word' id='word_1_299' title='bbox 586 3555 681 3642; x_wconf 87' lang='lat' dir='ltr'>modo</span> <span class='ocrx_word' id='word_1_300' title='bbox 687 3587 766 3641; x_wconf 89' lang='lat' dir='ltr'>esset</span> <span class='ocrx_word' id='word_1_301' title='bbox 779 3574 879 3640; x_wconf 77' lang='lat' dir='ltr'>rerum</span> <span class='ocrx_word' id='word_1_302' title='bbox 891 3559 992 3642; x_wconf 83' lang='lat' dir='ltr'>status.</span> <span class='ocrx_word' id='word_1_303' title='bbox 1017 3577 1243 3637; x_wconf 88' lang='lat' dir='ltr'>Didicimust</span> <span class='ocrx_word' id='word_1_304' title='bbox 1191 3581 1243 3634; x_wconf 86' lang='lat' dir='ltr'>aut</span> <span class='ocrx_word' id='word_1_305' title='bbox 1244 3591 1298 3648; x_wconf 91' lang='lat' dir='ltr'>em,</span> 
     </span>
     <span class='ocr_line' id='line_1_31' title="bbox 129 3677 1300 3766; baseline -0.014 -14"><span class='ocrx_word' id='word_1_306' title='bbox 129 3693 272 3766; x_wconf 85' lang='lat' dir='ltr'>quomodo</span> <span class='ocrx_word' id='word_1_307' title='bbox 295 3687 397 3752; x_wconf 88' lang='lat' dir='ltr'>doctor</span> <span class='ocrx_word' id='word_1_308' title='bbox 423 3688 568 3765; x_wconf 85' lang='lat' dir='ltr'>quidam</span> <span class='ocrx_word' id='word_1_309' title='bbox 566 3695 724 3748; x_wconf 85' lang='lat' dir='ltr'>exsenatu</span> <span class='ocrx_word' id='word_1_310' title='bbox 745 3687 793 3747; x_wconf 86' lang='lat' dir='ltr'>vel</span> <span class='ocrx_word' id='word_1_311' title='bbox 814 3677 930 3763; x_wconf 75' lang='lat' dir='ltr'>senatus</span> <span class='ocrx_word' id='word_1_312' title='bbox 952 3682 1120 3759; x_wconf 77' lang='lat' dir='ltr'>Augustani</span> <span class='ocrx_word' id='word_1_313' title='bbox 1135 3699 1153 3740; x_wconf 94' lang='lat' dir='ltr'>a</span> <span class='ocrx_word' id='word_1_314' title='bbox 1174 3681 1300 3739; x_wconf 83' lang='lat' dir='ltr'>consiliis</span> 
     </span>
     <span class='ocr_line' id='line_1_32' title="bbox 128 3779 1314 3874; baseline -0.012 -18"><span class='ocrx_word' id='word_1_315' title='bbox 128 3799 222 3874; x_wconf 90' lang='lat' dir='ltr'>ipsum</span> <span class='ocrx_word' id='word_1_316' title='bbox 237 3797 348 3861; x_wconf 86' lang='lat' dir='ltr'>adierat</span> <span class='ocrx_word' id='word_1_317' title='bbox 362 3779 449 3870; x_wconf 82' lang='lat' dir='ltr'>longa</span> <span class='ocrx_word' id='word_1_318' title='bbox 462 3794 617 3858; x_wconf 83' lang='lat' dir='ltr'>verborum</span> <span class='ocrx_word' id='word_1_319' title='bbox 628 3793 758 3866; x_wconf 79' lang='lat' dir='ltr'>ambage</span> <span class='ocrx_word' id='word_1_320' title='bbox 780 3796 809 3850; x_wconf 91' lang='lat' dir='ltr'>et</span> <span class='ocrx_word' id='word_1_321' title='bbox 829 3793 933 3850; x_wconf 91' lang='lat' dir='ltr'>multos</span> <span class='ocrx_word' id='word_1_322' title='bbox 953 3808 1006 3864; x_wconf 88' lang='lat' dir='ltr'>per</span> <span class='ocrx_word' id='word_1_323' title='bbox 1021 3789 1188 3865; x_wconf 82' lang='lat' dir='ltr'>‘maeandros</span> <span class='ocrx_word' id='word_1_324' title='bbox 1208 3785 1314 3844; x_wconf 73' lang='lat' dir='ltr'>consi-J</span> 
     </span>
     <span class='ocr_line' id='line_1_33' title="bbox 128 3893 1300 3983; baseline -0.012 -22"><span class='ocrx_word' id='word_1_325' title='bbox 128 3903 198 3962; x_wconf 85' lang='lat' dir='ltr'>llum</span> <span class='ocrx_word' id='word_1_326' title='bbox 214 3903 275 3976; x_wconf 87' lang='lat' dir='ltr'>ejus</span> <span class='ocrx_word' id='word_1_327' title='bbox 291 3917 379 3976; x_wconf 89' lang='lat' dir='ltr'>super</span> <span class='ocrx_word' id='word_1_328' title='bbox 398 3901 513 3960; x_wconf 84' lang='lat' dir='ltr'>interim</span> <span class='ocrx_word' id='word_1_329' title='bbox 533 3898 605 3958; x_wconf 90' lang='lat' dir='ltr'>illud</span> <span class='ocrx_word' id='word_1_330' title='bbox 622 3903 773 3972; x_wconf 84' lang='lat' dir='ltr'>&#39;expetens</span> <span class='ocrx_word' id='word_1_331' title='bbox 808 3895 849 3954; x_wconf 83' lang='lat' dir='ltr'>At</span> <span class='ocrx_word' id='word_1_332' title='bbox 868 3894 984 3981; x_wconf 90' lang='lat' dir='ltr'>tandem</span> <span class='ocrx_word' id='word_1_333' title='bbox 1003 3893 1150 3983; x_wconf 69' lang='lat' dir='ltr'>narravit,</span> <span class='ocrx_word' id='word_1_334' title='bbox 1169 3895 1300 3949; x_wconf 88' lang='lat' dir='ltr'>senatum</span> 
     </span>
     <span class='ocr_line' id='line_1_34' title="bbox 128 3985 1301 4080; baseline -0.013 -14"><span class='ocrx_word' id='word_1_335' title='bbox 128 4023 188 4066; x_wconf 87' lang='lat' dir='ltr'>ona</span> <span class='ocrx_word' id='word_1_336' title='bbox 203 4013 232 4066; x_wconf 90' lang='lat' dir='ltr'>et</span> <span class='ocrx_word' id='word_1_337' title='bbox 247 4006 380 4067; x_wconf 89' lang='lat' dir='ltr'>consules</span> <span class='ocrx_word' id='word_1_338' title='bbox 396 3985 433 4066; x_wconf 89' lang='lat' dir='ltr'>ob</span> <span class='ocrx_word' id='word_1_339' title='bbox 447 3991 532 4078; x_wconf 74' lang='lat' dir='ltr'>husius</span> <span class='ocrx_word' id='word_1_340' title='bbox 547 4003 683 4080; x_wconf 78' lang='lat' dir='ltr'>negocii</span> <span class='ocrx_word' id='word_1_341' title='bbox 673 3996 788 4061; x_wconf 85' lang='lat' dir='ltr'>oausam</span> <span class='ocrx_word' id='word_1_342' title='bbox 803 4001 905 4077; x_wconf 79' lang='lat' dir='ltr'>anxios</span> <span class='ocrx_word' id='word_1_343' title='bbox 919 4014 983 4060; x_wconf 88' lang='lat' dir='ltr'>esse</span> <span class='ocrx_word' id='word_1_344' title='bbox 998 3998 1093 4056; x_wconf 89' lang='lat' dir='ltr'>animo</span> <span class='ocrx_word' id='word_1_345' title='bbox 1108 4000 1139 4053; x_wconf 90' lang='grc' dir='ltr'>ιι</span> <span class='ocrx_word' id='word_1_346' title='bbox 1151 4011 1210 4053; x_wconf 93' lang='lat' dir='ltr'>non</span> <span class='ocrx_word' id='word_1_347' title='bbox 1230 3996 1301 4052; x_wconf 88' lang='lat' dir='ltr'>satis</span> 
     </span>
     <span class='ocr_line' id='line_1_35' title="bbox 129 4096 1300 4190; baseline -0.013 -21"><span class='ocrx_word' id='word_1_348' title='bbox 129 4099 184 4172; x_wconf 91' lang='lat' dir='ltr'>sibi</span> <span class='ocrx_word' id='word_1_349' title='bbox 198 4118 347 4186; x_wconf 86' lang='lat' dir='ltr'>constare,</span> <span class='ocrx_word' id='word_1_350' title='bbox 366 4127 518 4190; x_wconf 85' lang='lat' dir='ltr'>quamnam</span> <span class='ocrx_word' id='word_1_351' title='bbox 534 4111 565 4167; x_wconf 88' lang='lat' dir='ltr'>in</span> <span class='ocrx_word' id='word_1_352' title='bbox 573 4112 690 4182; x_wconf 90' lang='lat' dir='ltr'>partem</span> <span class='ocrx_word' id='word_1_353' title='bbox 705 4107 850 4165; x_wconf 88' lang='lat' dir='ltr'>inclinent.</span> <span class='ocrx_word' id='word_1_354' title='bbox 883 4105 920 4164; x_wconf 84' lang='lat' dir='ltr'>Se</span> <span class='ocrx_word' id='word_1_355' title='bbox 934 4120 1003 4162; x_wconf 83' lang='lat' dir='ltr'>uero</span> <span class='ocrx_word' id='word_1_356' title='bbox 1027 4101 1146 4178; x_wconf 85' lang='lat' dir='ltr'>(scilicet</span> <span class='ocrx_word' id='word_1_357' title='bbox 1167 4096 1216 4172; x_wconf 87' lang='lat' dir='ltr'>qui</span> <span class='ocrx_word' id='word_1_358' title='bbox 1239 4099 1300 4155; x_wconf 90' lang='lat' dir='ltr'>haec</span> 
     </span>
     <span class='ocr_line' id='line_1_36' title="bbox 129 4203 1300 4293; baseline -0.013 -17"><span class='ocrx_word' id='word_1_359' title='bbox 129 4217 252 4293; x_wconf 86' lang='lat' dir='ltr'>dixerat)</span> <span class='ocrx_word' id='word_1_360' title='bbox 269 4215 365 4276; x_wconf 88' lang='lat' dir='ltr'>animi</span> <span class='ocrx_word' id='word_1_361' title='bbox 371 4218 415 4274; x_wconf 87' lang='lat' dir='ltr'>sui</span> <span class='ocrx_word' id='word_1_362' title='bbox 430 4212 626 4288; x_wconf 88' lang='lat' dir='ltr'>sententiam</span> <span class='ocrx_word' id='word_1_363' title='bbox 615 4227 698 4284; x_wconf 83' lang='lat' dir='ltr'>Jussu</span> <span class='ocrx_word' id='word_1_364' title='bbox 714 4217 832 4271; x_wconf 86' lang='lat' dir='ltr'>senatus</span> <span class='ocrx_word' id='word_1_365' title='bbox 846 4210 878 4268; x_wconf 93' lang='lat' dir='ltr'>in</span> <span class='ocrx_word' id='word_1_366' title='bbox 892 4209 1009 4268; x_wconf 83' lang='lat' dir='ltr'>brevem</span> <span class='ocrx_word' id='word_1_367' title='bbox 1024 4206 1169 4278; x_wconf 82' lang='lat' dir='ltr'>quandam</span> <span class='ocrx_word' id='word_1_368' title='bbox 1189 4203 1300 4262; x_wconf 90' lang='lat' dir='ltr'>consul-</span> 
     </span>
     <span class='ocr_line' id='line_1_37' title="bbox 128 4309 1312 4405; baseline -0.016 -23"><span class='ocrx_word' id='word_1_369' title='bbox 128 4321 267 4382; x_wconf 86' lang='lat' dir='ltr'>tationem</span> <span class='ocrx_word' id='word_1_370' title='bbox 289 4315 482 4394; x_wconf 84' lang='lat' dir='ltr'>contraxisse,</span> <span class='ocrx_word' id='word_1_371' title='bbox 507 4324 571 4392; x_wconf 71' lang='grc' dir='ltr'>(ιιι</span> <span class='ocrx_word' id='word_1_372' title='bbox 594 4317 651 4375; x_wconf 89' lang='lat' dir='ltr'>tria</span> <span class='ocrx_word' id='word_1_373' title='bbox 672 4322 786 4376; x_wconf 85' lang='lat' dir='ltr'>tantum</span> <span class='ocrx_word' id='word_1_374' title='bbox 802 4317 905 4405; x_wconf 88' lang='lat' dir='ltr'>capita</span> <span class='ocrx_word' id='word_1_375' title='bbox 926 4312 1097 4372; x_wconf 84' lang='grc' dir='ltr'>ιοιιιιιιιι.</span> <span class='ocrx_word' id='word_1_376' title='bbox 1125 4309 1312 4383; x_wconf 82' lang='lat' dir='ltr'>Amicissime</span> 
     </span>
     <span class='ocr_line' id='line_1_38' title="bbox 103 4390 1298 4504; baseline -0.013 -19"><span class='ocrx_word' id='word_1_377' title='bbox 103 4457 109 4465; x_wconf 87' lang='lat'><em>-</em></span> <span class='ocrx_word' id='word_1_378' title='bbox 128 4427 217 4499; x_wconf 81' lang='lat' dir='ltr'>igitur</span> <span class='ocrx_word' id='word_1_379' title='bbox 231 4425 394 4492; x_wconf 87' lang='lat' dir='ltr'>Musculum</span> <span class='ocrx_word' id='word_1_380' title='bbox 408 4439 524 4498; x_wconf 71' lang='lat' dir='ltr'>rogare,</span> <span class='ocrx_word' id='word_1_381' title='bbox 544 4426 578 4478; x_wconf 88' lang='grc' dir='ltr'>ιιι</span> <span class='ocrx_word' id='word_1_382' title='bbox 593 4390 888 4502; x_wconf 82' lang='lat' dir='ltr'>compendiolum‘hoo</span> <span class='ocrx_word' id='word_1_383' title='bbox 906 4413 1058 4504; x_wconf 68' lang='lat' dir='ltr'>perlegere</span> <span class='ocrx_word' id='word_1_384' title='bbox 1078 4431 1112 4474; x_wconf 90' lang='lat' dir='ltr'>ao</span> <span class='ocrx_word' id='word_1_385' title='bbox 1129 4428 1212 4472; x_wconf 87' lang='lat' dir='ltr'>suum</span> <span class='ocrx_word' id='word_1_386' title='bbox 1232 4427 1298 4470; x_wconf 89' lang='lat' dir='ltr'>cou-</span> 
     </span>
     <span class='ocr_line' id='line_1_39' title="bbox 128 4505 1299 4606; baseline -0.015 -15"><span class='ocrx_word' id='word_1_387' title='bbox 128 4531 223 4591; x_wconf 92' lang='lat' dir='ltr'>silinm</span> <span class='ocrx_word' id='word_1_388' title='bbox 242 4532 285 4592; x_wconf 92' lang='lat' dir='ltr'>illi</span> <span class='ocrx_word' id='word_1_389' title='bbox 306 4526 455 4606; x_wconf 85' lang='lat' dir='ltr'>impartire</span> <span class='ocrx_word' id='word_1_390' title='bbox 477 4505 654 4600; x_wconf 70' lang='lat' dir='ltr'>signantia</span> <span class='ocrx_word' id='word_1_391' title='bbox 695 4525 747 4585; x_wconf 82' lang='lat' dir='ltr'>Oui</span> <span class='ocrx_word' id='word_1_392' title='bbox 768 4523 917 4586; x_wconf 83' lang='lat' dir='ltr'>Musoulu&#39;s</span> <span class='ocrx_word' id='word_1_393' title='bbox 936 4520 1101 4597; x_wconf 88' lang='lat' dir='ltr'>respondit,</span> <span class='ocrx_word' id='word_1_394' title='bbox 1124 4512 1158 4578; x_wconf 91' lang='lat' dir='ltr'>se</span> <span class='ocrx_word' id='word_1_395' title='bbox 1178 4532 1213 4576; x_wconf 87' lang='lat' dir='ltr'>ao</span> <span class='ocrx_word' id='word_1_396' title='bbox 1232 4531 1299 4580; x_wconf 83' lang='lat' dir='ltr'>suos</span> 
     </span>
    </p>

    <p class='ocr_par' dir='ltr' id='par_1_8' title="bbox 1023 4623 1091 4686">
     <span class='ocr_line' id='line_1_40' title="bbox 1023 4623 1091 4686; baseline 0.015 -1"><span class='ocrx_word' id='word_1_397' title='bbox 1023 4623 1091 4686; x_wconf 75' lang='lat'>13*</span> 
     </span>
    </p>
   </div>
   <div class='ocr_carea' id='block_1_5' title="bbox 0 0 1514 5225">
    <p class='ocr_par' dir='ltr' id='par_1_9' title="bbox 0 0 1514 5225">
     <span class='ocr_line' id='line_1_41' title="bbox 0 0 1514 5225; baseline 0 0"><span class='ocrx_word' id='word_1_398' title='bbox 0 0 1514 5225; x_wconf 95' lang='lat' dir='ltr'> </span> 
     </span>
    </p>
   </div>
  </div>
 </body>
</html>
