3017 5225
737 442 804 509 {94

181 628 230 701 qui
250 625 388 686 adversus
409 640 462 683 nos
483 624 593 697 aliquid
612 592 794 700 praetendere
813 624 914 697 velint,
939 638 993 683 nos
1011 626 1080 700 jure
1102 626 1276 686 conveniant
1297 614 1354 685 etc.

182 734 254 791 Item
270 732 347 805 quod
362 730 525 804 specialiter
539 730 569 788 in
584 731 689 789 litteris
704 734 874 803 poneretur,
892 735 922 788 et
935 746 981 789 me
996 735 1027 789 et
1040 730 1170 808 subditos
1183 732 1215 789 in
1229 733 1354 804 gratim

88 820 93 829 ’
180 831 322 911 receptos,
339 851 402 895 eam
417 836 454 893 ob
469 834 634 909 rem,=qu0d
649 834 761 908 aliquot
774 833 883 894 vicinos
896 833 966 891 mihi
978 834 1141 895 infestiores
1150 829 1287 896 haberem
1297 841 1355 895 etc.

180 944 219 1001 Hi
235 944 292 1002 duc
302 942 433 1001 doctores
448 946 621 1013 receperunt
635 957 667 999 se
681 940 802 999 concilio
816 939 958 1016 imperiali
972 942 1140 1013 petitionem
1157 947 1288 1001 normam
1308 958 1355 1000 re·

181 1049 297 1117 laturos,
308 1053 338 1106 et
352 1060 419 1104 suas
434 1062 537 1119 operas
552 1046 589 1106 ad
604 1046 658 1105 loc
673 1045 755 1105 nobis
771 1043 912 1105 obtulere.
942 1046 1038 1119 Viglio
1054 1051 1151 1105 autem
1165 1065 1225 1107 non
1244 1048 1354 1106 incom-

181 1154 297 1213 modum
311 1154 404 1211 visum
419 1156 477 1225 est,
503 1158 536 1214 ut
547 1168 603 1226 per
618 1151 783 1211 schedulam
796 1150 873 1209 idem
893 1155 1023 1225 peterem
1043 1166 1164 1226 eamque
1182 1152 1355 1212 comiliariis

181 1260 414 1319 transmitterem.
445 1258 521 1317 Nam
536 1234 567 1316 se
582 1262 663 1317 recta
679 1256 715 1316 ad
729 1255 823 1314 locum
838 1256 951 1314 concilii
964 1256 1093 1316 tendere.
1124 1257 1243 1317 Libcrio
1263 1258 1356 1331 igitur

182 1370 214 1424 ut
228 1365 331 1423 mentis
345 1369 452 1423 nostrae
467 1368 634 1435 conceptum
648 1378 760 1437 papyro
770 1361 966 1431 ¹committeret
979 1363 1137 1435 injunctum
1152 1367 1205 1421 est.

272 1468 395 1542 Querela
409 1466 688 1528 Pederbornensium
702 1466 792 1525 Floro
808 1467 877 1525 data
891 1470 948 1538 est,
971 1471 1005 1525 ut
1019 1482 1054 1527 ea
1074 1470 1202 1542 perlecta
1223 1483 1259 1525 ex
1278 1471 1353 1526 tem-

182 1592 252 1649 pore
267 1576 482 1648 responsionem
496 1564 699 1636 conscriberet.
725 1570 924 1633 sommatore
940 1572 1062 1646 Sathan3
1079 1574 1131 1633 sed
1145 1576 1286 1648 superest,
1303 1573 1355 1645 qui

182 1686 269 1755 caput
284 1682 418 1739 contrivit
433 1680 585 1753 serpentis.
657 1690 661 1709 ¹
932 1666 936 1673 ’
1100 1692 1103 1700 ·

272 1786 418 1845 Prausum'
431 1790 479 1870 est
491 1783 591 1843 eadem
605 1782 683 1856 apud
697 1783 829 1842 comitem
844 1782 1029 1843 Wilbelmum
1043 1799 1063 1843 a
1076 1783 1205 1859 Nassau,
1227 1782 1278 1842 ubi
1292 1783 1353 1842 La·
1373 1773 1376 1780 ’

182 1890 289 1949 dislaus
305 1891 342 1949 ab
357 1890 474 1965 Hagen,
496 1891 624 1950 loannes
640 1906 662 1949 a·
673 1889 764 1962 Seyn,
785 1887 956 1948 Wilhelmus
971 1906 990 1949 a
1003 1889 1209 1963 Witgenstein,
1230 1888 1355 1949 Ottbca

183 1996 392 2071 Sohaumburg,
417 1997 559 2055 Henricus
580 1984 799 2068 eLynningcn,
822 1994 972 2068 Philippus
987 2000 1018 2055 et
1031 1994 1163 2055 Eubulus
1179 1992 1355 2053 aWaldeclr

181 2103 298 2161 comites
320 2102 451 2161 aderant.
489 2098 590 2161 Adfuit
613 2114 726 2173 quoque
748 2098 946 2159 Marschalcus
969 2101 1163 2174 Schaumberg
1184 2104 1213 2159 ct
1234 2098 1353 2172 quidam

181 2208 239 2266 dux
259 2209 415 2268 casareani
435 2207 586 2293 exereitus.
617 2206 700 2263 Vitas
721 2220 739 2262 a
759 2204 887 2277 Vclbrug
906 2201 1073 2280 supervenit
1092 2210 1122 2264 et
1144 2203 1315 2266 chunradus
1332 2222 1359 2264 a·

182 2312 354 2386 Bomelberg
370 2328 466 2385 eques.
502 2310 700 2370 Marschalcus
717 2307 924 2383 gloriabundus
939 2312 993 2371 ait:
1017 2309 1094 2370 Novi
1114 2310 1224 2385 aliquid
1239 2309 1279 2371 ‘ex
1298 2326 1351 2383 pa·

181 2417 251 2477 latio
274 2418 388 2475 caesaris
408 2416 517 2476 adfero.
552 2414 802 2487 Norinbergenses
824 2416 940 2475 interim
959 2415 1033 2475 illud
1053 2421 1253 2490 acceptarunt,
1276 2417 1353 2474 sieut

181 2522 324 2579 Holenses
341 2520 453 2579 Sueriae
467 2518 542 2577 idem
558 2525 672 2593 quoque
687 2517 869 2606 factitarunt,
894 2523 981 2580 semel
994 2526 1047 2582 aut
1061 2521 1104 2581 bis
1118 2519 1281 2581 'sermonem
1295 2510 1351 2580 ite·

181 2644 258 2688 rans.
291 2626 421 2687 Tandem
436 2641 531 2686 comes
546 2625 716 2702 Wilhelmus
731 2643 749 2686 a
763 2626 879 2688 Nassau
894 2628 976 2688 vultu
992 2629 1158 2689 mesticiam
1172 2629 1260 2689 animi
1273 2643 1351 2702 pra·

182 2733 336 2792 nunciante
350 2733 510 2806 respondit:
534 2728 678 2805 Proiecto,
695 2735 719 2792 si
734 2738 916 2807 receperunt,
932 2735 1002 2807 quid
1014 2741 1189 2808 receperunt
1201 2733 1351 2809 ignorant!

181 2838 273 2898 Paulo
288 2840 397 2912 largius
411 2837 459 2896 hic
470 2842 603 2912 potatum
619 2844 671 2897 est.
809 2912 814 2916 η
1336 2833 1342 2840 ’

269 2941 348 3001 Nota
363 2943 400 3001 de
413 2940 517 3016 herba,
538 2941 606 3015 ‘quse
621 2943 760 3016 anagallis
781 2944 901 3017 dicitur,
925 2946 1088 3019 germanice
1109 2943 1268 3005 Gauchbeil
1288 2943 1351 3002 sire

181 3046 325 3120 Jauoheil,
350 3064 413 3120 quac
429 3049 459 3108 iu
473 3048 528 3108 hoo
542 3063 640 3107 mense
654 3047 742 3107 Junic
757 3048 842 3107 evelli
853 3049 943 3109 debet
957 3067 992 3110 ac
1005 3051 1072 3110 rino
1088 3051 1206 3112 decocta
1226 3054 1257 3108 et
1276 3063 1347 3122 epo-

179 3135 243 3231 tata
256 3158 356 3212 contra
371 3169 482 3214 morsus
497 3153 574 3213 oanis
589 3135 682 3212 rabidi
697 3153 824 3213 remedio
845 3161 904 3230 cst,
929 3155 1005 3229 quod
1024 3155 1164 3231 Augusta
1184 3152 1277 3229 nuper
1295 3169 1352 3230 per

180 3250 312 3318 comitem
319 3251 503 3320 Wilhelmum
517 3262 547 3318 in
563 3261 665 3334 auriga
680 3258 899 3320 ducisMnuritii
913 3261 1065 3335 probatum
1080 3269 1134 3323 est.
1146 3261 1269 3322 'Eodem
1282 3261 1351 3319 vino

180 3363 270 3440 plaga·
280 3355 396 3445 morsus
407 3369 485 3428 oanis
501 3366 587 3426 debet
600 3367 709 3426 illiniri.
811 3376 823 3388 “
1147 3359 1152 3366 ’

268 3469 344 3529 Dum
366 3478 498 3532 coenatur
517 3473 695 3544 Erasmusa
713 3459 859 3534 Rumrodt
883 3454 971 3542 eliens
993 3470 1234 3538 ioannisiratris
1256 3471 1350 3557 noemi

179 3578 258 3634 venit
272 3579 420 3651 nuncians,
437 3577 580 3636 dominam
594 3559 747 3636 novercam
761 3580 791 3636 in
799 3579 901 3638 vicinia
907 3593 980 3652 esse,
990 3584 1023 3638 ut
1031 3566 1190 3654 Augustam
1203 3575 1305 3636 tendat
1320 3581 1351 3635 et

178 3681 208 3737 in
231 3679 340 3739 Werda
360 3680 398 3738 ad
417 3680 580 3739 Danubium
600 3688 841 3754 pernoctatmam.
877 3684 933 3741 Hic
952 3683 1082 3751 Eubulus
1102 3668 1226 3758 ringitur
1245 3683 1350 3742 dubius

179 3785 249 3857 quid
263 3782 361 3858 faciet,
376 3801 409 3844 ac
425 3801 488 3844 cum
503 3786 621 3845 Libcrio
638 3787 793 3869 consilium,
802 3788 891 3863 cepit,
907 3794 988 3848 ratus
997 3787 1119 3862 -quidem
1133 3787 1293 3849 consultum
1308 3789 1351 3846 ri·

178 3887 253 3974 deri,
277 3890 302 3947 si
324 3891 386 3964 ejus
406 3891 546 3964 adrentus
562 3909 619 3951 non
636 3898 838 3967 expectaretur
852 3893 958 3952 multas
973 3893 1010 3953 ab
1025 3893 1136 3955 causas.
1167 3895 1275 3954 Verum
1289 3910 1350 3954 non

177 4009 267 4067 parva
281 3994 442 4066 obstabant.
468 3996 644 4072 conventum
659 3999 767 4072 itaque,
782 4004 814 4057 ut
827 4002 859 4057 in
873 4001 1029 4082 crastinum
1045 3999 1218 4061 consultatio
1233 4005 1348 4073 protra·

177 4097 304 4157 heretur.
327 4101 520 4175 Posteaquam
532 4108 626 4162 autem
641 4104 772 4163 Eubulus
787 4118 886 4164 somno
901 4102 1077 4178 indulsisset,
1092 4105 1276 4165 illucescente
1287 4106 1350 4178 jam

176 4201 222 4261 die
245 4205 359 4264 circiter
380 4207 494 4266 tertiam
514 4209 596 4281 parri
619 4209 761 4283 horologii
780 4226 901 4284 puerum
921 4216 975 4283 pr'c
997 4208 1117 4270 Liborio
1139 4212 1236 4270 mittit.
1274 4200 1358 4269 Erat
1387 4262 1391 4269 ι

176 4312 271 4382 autem
285 4311 332 4368 hic
346 4311 406 4370 dies
422 4311 620 4385 praecidaneae
635 4312 773 4374 feriarum
789 4314 817 4374 d.
833 4314 954 4383 Joanuis
970 4313 1105 4389 baptista
1125 4315 1171 4375 vel
1192 4318 1232 4376 23
1255 4314 1347 4374 Junii.

176 4413 301 4488 Singulis
323 4416 412 4490 igitur
432 4416 522 4488 probe
544 4419 693 4490 perpensis
713 4401 805 4495 visum
826 4426 871 4503 est
891 4420 1001 4480 abitum
1019 4438 1133 4495 parare.
1150 4421 1351 4496 'Quapropter

175 4523 209 4579 et·
220 4505 354 4582 Liberius
366 4522 463 4595 jussus
478 4521 516 4582 de
530 4521 643 4596 biga'in
657 4521 739 4584 usum
754 4527 933 4588 sarcinarum
946 4534 980 4588 ut
998 4522 1140 4603 cugiwet
1159 4533 1214 4590 etc.
1245 4526 1351 4588 Eubu-
