3017 5225
774 424 820 491 48

211 608 265 669 lice
278 622 384 683 rogare
394 609 568 685 episcopum,
585 623 642 683 qno
655 608 789 669 comitum
800 606 971 669 eWoldeok
979 606 1154 684 mentionem
1166 604 1274 667 iubere
1288 604 1386 666 vellet.

211 714 370 787 Respondit
387 714 486 788 itaque
506 714 629 790 praesul,
654 729 686 773 se
706 713 792 773 hodic
814 713 938 787 primum
961 712 1074 787 negocii
1097 713 1190 773 nostri
1210 710 1388 785 descriptum

212 820 356 893 accepisse
372 824 401 878 et
416 819 638 893 quamprimum
657 818 696 879 ad
710 809 915 892 imperatorem
932 818 1055 878 introire
1074 818 1181 891 possit,
1205 832 1237 875 sc
1252 830 1388 875 ccesereae

212 924 369 997 mejestatis
390 924 594 987 resolutionem
620 939 709 999 snper
730 924 776 983 his
798 924 962 999 petiturum.
981 934 987 942 ’
1008 922 1073 983 Hoc
1092 937 1232 997 responso
1259 922 1388 981 contenti

213 1029 342 1089 ebiinms.
502 1090 507 1101 ,

301 1134 398 1199 Habet
410 1134 610 1195 Atrebatensis
624 1134 655 1192 in
669 1133 827 1194 scribarum
841 1150 958 1193 ssorum
972 1147 1091 1194 numero
1105 1130 1294 1193 secretarium
1301 1130 1388 1189 Nori-

212 1255 276 1299 cum
290 1255 327 1298 cx
340 1243 426 1313 gente
440 1239 691 1314 Pinuingerornm,
712 1255 797 1313 quem
811 1238 880 1298 dum
894 1239 1122 1312 conveniremus,
1138 1238 1194 1312 eit,
1210 1253 1242 1297 se
1256 1240 1389 1316 nostram

214 1343 329 1418 quidem
351 1360 466 1405 censam
487 1343 566 1419 apud
587 1344 752 1419 episcopum
773 1326 919 1416 acturum,
942 1359 1042 1403 verum
1061 1342 1092 1402 id
1105 1343 1229 1419 primurn
1247 1343 1388 1417 temporis

213 1449 337 1523 Viglinm
352 1453 382 1509 et
397 1448 523 1509 Selldum
537 1448 684 1509 decretum
697 1449 810 1509 concilii
823 1449 979 1523 imperialis
995 1449 1130 1524 episeopo
1145 1444 1291 1509 detulisse
1329 1448 1389 1507 Ro-

213 1555 280 1628 gavi
294 1559 437 1628 praeterce
450 1554 554 1629 ipsum,
569 1558 603 1614 ut
613 1554 637 1613 si
653 1569 711 1627 qna
723 1558 831 1613 nostrae
842 1570 936 1615 causa
948 1554 1123 1614 mentionem
1137 1569 1156 1612 a
1168 1553 1241 1611 hero
1256 1568 1309 1613 sno
1323 1550 1388 1611 fieri

213 1658 339 1731 audiret,
356 1658 451 1718 omnia
465 1660 495 1717 in
510 1658 657 1719 meliorem
671 1664 784 1733 partem
797 1660 982 1733 interpretari
996 1662 1157 1733 satageret,
1177 1674 1224 1717 me
1238 1663 1268 1717 et
1281 1654 1388 1734 ¹iratres

213 1764 262 1823 illo
276 1780 335 1822 non
349 1764 478 1837 ingratos
492 1760 614 1825 futuros.
639 1746 769 1824 Prmonit
782 1781 863 1840 spem
874 1765 989 1838 bonam,
998 1764 1041 1823 ait
1053 1778 1169 1837 qnoque
1182 1762 1388 1837 imperatorem

213 1884 272 1929 non
285 1866 368 1929 facile
382 1870 528 1929 decretum
542 1868 771 1929 consiliariorum
784 1876 907 1945 mutare,
922 1869 974 1931 sed
984 1885 1098 1944 semper
1110 1868 1173 1927 iere
1188 1867 1268 1943 illud,
1284 1874 1319 1929 ut
1332 1869 1389 1942 ipsi

207 1976 441 2053 proposuissent,
472 1975 667 2049 subscribere,
698 1976 755 2033 nisi
776 1990 924 2050 personae,
953 1992 1025 2049 quas
1048 1979 1220 2048 concernat,
1245 1974 1388 2050 ejusmodi

213 2085 318 2155 essent,
334 2080 411 2154 quod
426 2096 566 2141 summum
579 2081 719 2142 adversus
732 2096 787 2165 ¹eos
800 2082 961 2155 imperator
975 2067 1072 2147 omnm
1086 2081 1273 2155 concepisset.
1295 2080 1388 2139 Inter-

212 2188 327 2261 rogavit
341 2187 436 2260 etiem,
460 2202 529 2247 num
543 2202 581 2247 aa·
592 2186 735 2260 pecunia„
750 2202 836 2259 qnam
850 2200 945 2245 comes
963 2202 982 2245 a
996 2185 1089 2245 Solmr
1103 2202 1123 2245 a
1136 2185 1219 2245 nobis
1233 2187 1387 2261 exegisset,

212 2292 307 2351 soluta
321 2307 339 2350 a
353 2290 435 2351 nobis
449 2289 527 2351 foret
539 2306 637 2351 necne.
660 2290 808 2364 Respondi
818 2306 887 2365 non,
903 2270 1003 2352 verum
1014 2291 1046 2351 id
1057 2307 1115 2350 non
1125 2295 1178 2363 per
1189 2306 1251 2365 nos,
1268 2290 1320 2350 sad
1334 2306 1388 2366 per

211 2397 427 2471 imperatoriam
440 2398 619 2469 maiestatem
638 2400 738 2454 steret.
778 2394 809 2455 Si
828 2396 854 2454 is
865 2394 966 2469 iubeat
985 2400 1016 2456 ct
1029 2401 1130 2455 contro
1145 2394 1294 2455 Ostiorum
1309 2396 1388 2469 prin·

213 2501 284 2587 cipis
298 2501 371 2559 iram
390 2513 442 2559 cos
462 2496 617 2560 defendere
636 2499 719 2572 velit,
743 2515 797 2559 nos
817 2499 1005 2561 libentissime
1026 2516 1090 2561 eam
1111 2500 1263 2576 pecuniam
1279 2498 1388 2559 Caeseri

212 2604 441 2681 deprompturos.
480 2604 569 2678 Quem
585 2605 708 2680 primum
722 2604 752 2664 in
766 2606 921 2682 hospitium
941 2606 1119 2682 devenimus,
1139 2605 1267 2666 Joannes
1281 2605 1387 2680 Hogke

211 2711 384 2780 secretarius
398 2710 533 2770 Hoiensis
547 2710 586 2771 ad
599 2727 652 2770 nos
666 2712 758 2786 venit,
781 2714 843 2787 qni,
867 2713 994 2788 acceptis·
1006 2711 1149 2773 mendatis
1164 2713 1203 2773 ad
1218 2711 1387 2770 uxorculam

212 2823 356 2891 noemam,
380 2817 419 2877 ed
439 2815 555 2875 comites
576 2831 642 2877 suos
662 2817 825 2894 contendit,
848 2819 926 2893 qnod
946 2825 976 2881 et
995 2819 1039 2878 iili
1058 2823 1089 2878 et
1109 2818 1191 2878 nobis
1209 2816 1290 2876 Dens
1312 2817 1388 2877 bene

125 2918 131 2923 ’
212 2928 316 2984 vertet.
746 2917 748 2923 ’

301 3006 410 3088 Eedem
430 3028 573 3088 Ernestus
594 3027 721 3088 aSolms
743 3029 892 3089 nobiscnm
912 3041 1037 3103 prensus
1059 3034 1120 3102 est,
1144 3032 1175 3087 et
1197 3043 1262 3088 cum
1280 3045 1387 3091 meuse

212 3134 451 3209 occumberemus,
467 3133 612 3193 Adrianus
627 3151 645 3192 a
660 3133 782 3195 Zertzen
796 3133 976 3209 supervenit,
992 3134 1043 3206 qni
1057 3123 1312 3209 longaverborum
1328 3151 1387 3194 cm·

203 3239 286 3312 >tege
307 3236 444 3314 produxit
463 3241 601 3314 scriptum
620 3238 666 3317 (ut
684 3236 801 3314 vocent)
823 3240 1020 3314 compromissi
1042 3240 1118 3298 inter
1138 3231 1336 3299 Coloniensam
1359 3247 1389 3298 et

213 3360 266 3404 nes
287 3341 494 3430 archiepiscopi
522 3345 616 3419 sigillo
644 3344 682 3404 ed
702 3344 733 3403 id
754 3361 898 3420 appenso,
927 3320 993 3404 cnm
1014 3348 1111 3404 tamen
1133 3350 1198 3418 post
1220 3337 1265 3404 tot
1287 3360 1388 3420 preces

196 3486 199 3492 ·
213 3454 326 3510 nostros
341 3467 377 3510 ne
391 3451 492 3510 vocula
506 3449 621 3524 quidem
635 3452 666 3509 in
680 3467 715 3510 eo
730 3432 841 3510 mutata
858 3455 942 3510 essct.
972 3449 1031 3510 Sed
1045 3465 1114 3508 snus
1128 3453 1243 3509 sanctus
1262 3449 1309 3508 his
1325 3455 1389 3508 erat

211 3555 383 3630 rigorpene
400 3555 583 3630 tyrannidem
604 3555 728 3628 sapiens.
767 3555 822 3614 Ast
836 3552 1070 3643 frangendohoec
1085 3563 1152 3614 ‘nex
1171 3559 1250 3629 eret,
1275 3555 1389 3614 etiamsi

182 3645 185 3650 ’
212 3656 296 3719 facile
310 3661 481 3736 videremus,
499 3662 531 3719 in
545 3676 617 3736 quos
632 3660 692 3718 hmo
710 3659 796 3718 modo
810 3658 964 3720 cuderetur
979 3657 1054 3720 iuba.
1155 3692 1159 3700 ι
1235 3709 1238 3714 .

196 3815 199 3824 .
300 3763 391 3826 Fame
397 3767 464 3826 *tum
479 3763 638 3839 ferebatur,
653 3764 737 3837 jussu
751 3753 867 3822 cesam
881 3764 972 3826 multa
986 3764 1111 3838 msipnia
1125 3752 1387 3837 nmtormeonfiei,

212 3885 276 3928 cum
290 3870 345 3930 hec
358 3871 557 3946 inscriptione:
574 3870 656 3930 Unus
670 3868 765 3943 Dens,
780 3885 839 3940 una
853 3865 939 3944 fides,
955 3882 1029 3928 unns
1043 3885 1105 3928 rex.

300 3975 429 4035 Vidimus
449 3975 549 4035 eadem
568 3977 599 4034 in
619 3974 703 4035 domo
724 3974 866 4042 occonis,
878 3963 1036 4048 argentarii
1055 3975 1160 4035 molam
1180 3974 1219 4034 ad
1238 3973 1389 4048 poliendos

212 4079 378 4140 edomantes
393 4086 533 4156 peratum,
550 4086 579 4140 et
593 4097 626 4142 re
640 4082 704 4156 ipse
718 4081 908 4156 comperimus
915 4077 1077 4142 fabulosum
1087 4096 1160 4155 esse,
1177 4079 1255 4153 qnod
1268 4079 1388 4138 edumas

213 4198 271 4242 non
285 4185 341 4242 nisi
355 4171 466 4245 hircino
481 4187 620 4260 sangnine
634 4185 777 4260 tepefacto
796 4185 960 4262 frangatur,
981 4186 1034 4246 sed
1047 4185 1169 4245 terendo
1184 4179 1293 4260 politur
1307 4192 1339 4245 et
1352 4202 1389 4245 eo

212 4289 385 4364 pulvisculo,
402 4290 451 4363 qui
465 4307 501 4351 ex
516 4291 626 4351 dnebns
642 4291 759 4366 gemmis
773 4293 850 4352 inter
864 4293 1019 4374 seettritis
1033 4289 1153 4365 decidit,
1169 4291 1234 4350 oleo
1250 4293 1390 4352 olivarnm

212 4393 354 4479 admixto,
372 4397 492 4456 terendo
508 4411 596 4471 super
609 4396 708 4456 orbem
722 4395 886 4471 plumbeum
900 4396 1004 4456 teritur
1018 4401 1048 4456 et
1061 4397 1271 4457 comminuitur.
1310 4397 1390 4458 Ada-

213 4514 274 4568 mas
289 4517 347 4562 non
361 4501 467 4576 politus
482 4501 606 4566 colorem
620 4501 942 4564 habetvsubcinericinm
955 4500 1034 4563 toras
1048 4498 1196 4575 hispidior.
1246 4502 1254 4519 ‘
