3017 5225
728 390 799 458 ,248

181 580 307 642 carmine
321 576 491 639 nobilitavit.
522 575 579 637 Uni
595 575 729 649 trinoque
744 572 799 635 deo
813 574 853 633 sit
865 569 962 634 1511555
974 573 1117 647 potastaal
1140 570 1293 635 Oorhachii
1307 576 1356 635 29

181 685 290 759 Aprilis
305 686 335 743 in
351 683 462 757 capella
475 681 598 741 Nicolai.
864 746 869 754 ,

269 788 455 847 1155515555
474 784 564 845 filium
588 791 617 845 et
638 785 848 845 Elisabetulam
872 781 961 843 filiam
983 787 1112 844 55551515
1132 782 1359 858 benignissimus

181 896 253 954 deus
272 894 303 951 in
320 892 497 965 mansiones,
527 892 562 950 de
583 889 685 963 quibus
706 893 838 949 serrator
857 892 972 962 noster,
995 887 1125 951 domiuus
1148 893 1249 949 noster
1265 890 1358 950 ‚Iesus

182 998 310 1059 Christus
337 995 527 1057 indubitatam
547 994 629 1055 nobis
649 1011 729 1067 spem
752 991 836 1066 15515,
857 994 983 1067 recepit,
999 1008 1083 1053 soror
1096 992 1216 1052 tratrem
1230 989 1358 1055 Ι51151115

182 1104 286 1163 511555
305 1102 495 1174 lacrymarum
513 1100 588 1160 valle
610 1098 774 1159 excedendo
792 1098 954 1175 praecessit,
979 1098 1149 1157 1155515555
1171 1101 1190 1155 ‘l
1206 1098 1308 1158 Martii
1321 1100 1357 1159 15

182 1208 296 1268 (1511555
312 1206 397 1281 55115,
420 1206 503 1266 ambo
523 1207 554 1264 in
573 1196 693 1264 ecclesia
711 1201 871 1277 parochiali
884 1201 1027 1261 Waldeck
1045 1203 1244 1275 inpraesentia
1258 1202 1357 1263 55555

182 1315 412 1385 materterarum,
429 1316 564 1385 nepotum
579 1317 609 1371 et
622 1310 772 1381 utriusque
790 1307 920 1380 parentis
935 1311 1022 1365 terra
1036 1306 1219 1382 mandantur,
1235 1309 1356 1381 1155515

182 1418 393 1478 1555115551555
414 1415 500 1476 beata
520 1430 621 1475 rursus
635 1412 733 1472 uidere
747 1412 830 1472 nohis
844 1412 885 1485 is,
900 1412 932 1469 in
945 1413 1027 1485 cujus
1041 1427 1129 1471 manu
1141 1413 1203 1490 vita
1216 1419 1246 1472 et
1259 1414 1355 1475 exitus

182 1523 283 1583 mortis
298 1527 374 1593 sunt,
391 1520 487 1579 donet.
510 1503 595 1577 51155
611 1516 717 1578 domini
735 1507 829 1575 1551.
867 1516 1007 1574 Η5151515
1021 1531 1113 1589 suum,
1129 1516 1167 1575 de
1181 1519 1262 1593 qu'us
1275 1520 1354 1578 nati·

183 1628 273 1685 vitate
287 1630 347 1685 tam
362 1624 518 1683 christiana
532 1624 660 1697 scripsit,
681 1622 846 1683 Joaehimus
860 1619 1019 1695 Happelius
1034 1635 1051 1678 e
1065 1620 1241 1696 Bidenaapio
1255 1625 1355 1682 oriun-

183 1730 236 1791 dus
251 1734 339 1805 115555
352 1729 383 1788 15
399 1727 514 1787 domino
529 1726 711 1787 obdormiens
726 1726 828 1786 eodem
841 1741 917 1785 anno
932 1732 1129 1812 praecesserat.
1210 1727 1212 1734 ‘

272 1834 385 1896 Pietate
406 1837 435 1891 et
457 1832 587 1892 doctrina
605 1831 858 1904 praestantissimus
877 1830 1018 1903 medicus,
1039 1830 1142 1889 1155551
1164 1830 1354 1915 Bmghardus

183 1937 350 2019 Mithobius,
367 1954 385 1997 a
400 1938 485 2011 longe
499 1936 677 2011 prospiciens
694 1940 832 2008 quantum
845 1934 985 1993 malorum
1004 1950 1085 1993 mare
1098 1934 1264 2008 reipublicae
1278 1937 1356 1995 chri·

183 2045 284 2105 stianae
299 2058 367 2105 vere
381 2043 496 2116 piorum
517 2045 546 2101 55
566 2040 714 2101 doctorum
728 2041 857 2099 virorum
870 2055 948 2098 mors
961 2040 1086 2114 1515555,
1110 2041 1162 2114 qui
1175 2057 1193 2100 5
1206 2041 1353 2115 benignis·

187 2150 259 2208 simo
275 2148 330 2208 deo
345 2152 429 2221 patre
450 2150 588 2220 tanquam
606 2142 659 2203 filii
674 2144 771 2204 dilecti
786 2149 815 2203 et
836 2144 880 2203 illi
893 2145 1051 2203 charissimi
1066 2143 1170 2205 alaaie
1184 2146 1302 2205 malitiae
1317 2164 1354 2206 ex

184 2255 239 2314 hoc
253 2251 358 2311 mundo
379 2251 535 2324 tolluntur,
559 2266 596 2308 ne
618 2248 736 2310 videant
751 2250 927 2309 calamitates
942 2254 971 2308 et
984 2250 1128 2324 miserias,
1145 2248 1351 2326 (1555111155-

183 2357 252 2419 tudo
268 2362 301 2416 et
313 2356 441 2416 enormia
459 2354 570 2414 scelera
590 2358 689 2413 nostra
707 2354 739 2437 15
760 2370 813 2413 555
827 2360 989 2429 accersant,
1004 2354 1067 2414 555
1081 2356 1120 2415 ad
1134 2372 1187 2417 nos
1201 2372 1217 2414 e
1232 2355 1354 2416 (15551115

185 2464 225 2537 xij
239 2460 348 2534 Aprilis
364 2476 440 2519 anno
459 2460 541 2518 1549
557 2458 738 2531 perscripsit:
761 2458 845 2517 Vitas
861 2456 1031 2524 Theodorus
1051 2459 1176 2520 5555555
1190 2466 1256 2534 post
1270 2460 1354 2520 Oculi

183 2567 260 2627 viam
274 2565 416 2651 uniuersae
431 2564 525 2623 carnis
540 2563 686 2638 ingressus
701 2566 730 2622 et
746 2561 848 2623 doctor
862 2561 1034 2638 (liudgerus
1051 2564 1267 2640 Wittemherga
1282 2565 1354 2626 55115

185 2676 239 2732 555.
262 2670 364 2744 Parce,
380 2685 442 2744 oro,
457 2685 543 2743 parce
557 2669 664 2743 populo
679 2674 739 2742 tuo,
755 2683 773 2726 o
788 2667 911 2729 domine.
1034 2689 1039 2695 ·

272 2774 358 2834 Anno
378 2765 534 2834 salutifera
555 2773 761 2849 redemptionis
779 2779 887 2833 nostra
909 2774 992 2832 1549
1015 2773 1152 2833 dissero
1178 2774 1216 2832 15
1232 2773 1352 2834 Decem·

187 2879 247 2940 bris
267 2880 370 2939 timore
391 2879 507 2938 tandem
526 2874 763 2938 christianissima
784 2879 918 2951 princeps
938 2877 1084 2940 cedatne
1102 2895 1207 2953 5151155
1228 2880 1353 2939 omnium

184 2985 324 3045 55551551
339 2983 438 3046 dolore
455 2981 583 3042 Cassiliae
598 2975 674 3040 diem
689 2983 792 3041 clausit
806 2987 978 3057 extremum,
999 3000 1064 3057 quae
1077 2985 1153 3043 inter
1167 2989 1279 3044 ceteras
1292 2986 1351 3045 111·

184 3093 260 3150 tutes
275 3069 324 3146 1111
339 3087 489 3148 credibiles
506 3088 665 3161 exemplum
680 3088 827 3162 patientia
843 3084 981 3148 exhibuit.
1004 3087 1148 3148 Filia'fuit
1160 3091 1222 3149 haec
1236 3087 1354 3164 Georgii

186 3195 330 3254 Saxonum
344 3193 433 3266 ducis,
449 3191 623 3252 marchionis
638 3191 762 3266 Misniae,
779 3191 952 3266 landtgrauii
967 3193 1143 3268 Thuringiae.
1180 3193 1351 3260 115155555-

184 3298 300 3358 tissimae
315 3299 417 3372 patriae
431 3299 519 3358 515511
533 3296 685 3373 Philippus
701 3296 850 3356 Ostiorum
868 3299 1016 3372 princeps,
1039 3291 1133 3358 comes
1150 3297 1369 3360 Cattamelibo,

185 3404 246 3479 aiae,
262 3405 308 3462 cui
322 3403 638 3477 numerosamhprolem
652 3403 802 3474 utriusque
817 3417 903 3462 sexus
916 3403 1049 3497 reliquit,
1073 3404 1194 3466 maritus
1209 3402 1352 3492 Oddenaw

185 3509 268 3568 modo
290 3509 321 3566 15
342 3507 475 3566 55555515
498 3507 629 3566 detentus
657 3523 720 3566 cum
742 3506 873 3566 omnibus
895 3508 951 3581 piis
977 3507 1090 3567 beatam
1114 3509 1352 3568 resurrectionem
1447 3543 1450 3548 ,

185 3617 275 3688 optat.
299 3612 367 3670 Filii
382 3627 418 3676 ex
431 3611 486 3670 hoc
500 3613 603 3671 marito
619 3612 713 3671 adhuc
727 3613 896 3697 superstites
911 3612 1152 3673 suntiiuilielmus
1167 3621 1238 3674 natu
1251 3613 1351 3690 155151,

185 3716 356 3788 Ludovious,
371 3714 521 3787 Philippus
538 3719 567 3773 et
581 3713 731 3789 Georgius,
748 3716 812 3775 dua
826 3715 894 3776 filia
908 3717 1014 3792 Agnes,
1030 3719 1169 3782 Mauritio
1186 3719 1255 3780 111151
1266 3719 1353 3778 Saxo·

185 3821 241 3878 niae
257 3819 375 3878 electori
396 3819 434 3896 (si
448 3819 502 3876 diis
517 3818 625 3894 placet)
646 3825 751 3895 nupta,
775 3821 864 3895 digna
878 3824 996 3882 meliore
1010 3820 1142 3896 1515555,
1160 3822 1246 3882 Anna
1260 3822 1350 3884 Woli·

185 3924 753 3999 15511-555151151511511555551551,
778 3926 889 3986 comitis
909 3927 940 3984 in
958 3927 1098 3987 Veldentu
1121 3919 1209 4002 51151,
1232 3929 1351 4001 reliqua

185 4035 244 4088 5155
251 4029 288 4089 N.
297 4029 334 4089 N.
343 4029 379 4089 N.
396 4029 489 4088 adhuc
504 4029 557 4089 suh
572 4028 729 4088 nutricibus
745 4030 862 4114 degunt.
885 4031 1032 4091 Memento
1042 4032 1213 4106 xaliquando,
1229 4031 1350 4106 domine,

185 4133 388 4204 misericordiae
402 4139 459 4192 tuse
475 4137 504 4192 et
516 4117 676 4193 afflictionis
688 4132 788 4193 domus
796 4134 945 4195 Ostiorum
956 4137 1040 4208 juxta
1050 4138 1255 4213 benignitatem
1263 4141 1349 4210 tuam,

186 4245 216 4298 et
228 4237 284 4296 hoo
297 4244 416 4312 propter
431 4239 450 4298 J
452 4253 530 4297 esum
545 4219 689 4322 Christum
704 4237 794 4326 filium
807 4243 897 4299 tuum.
928 4239 1029 4301 Amen.

298 4393 302 4398 ·
344 4391 346 4398 ’
398 4379 450 4430 Hic
469 4379 602 4460 0111155155
615 4370 693 4444 jacet,
712 4383 805 4446 genuit
822 4399 900 4467 (111515
919 4385 1024 4436 Saxona
1041 4384 1127 4448 tellus,

432 4469 584 4520 Consortom
603 4468 719 4534 thalami,
738 4466 809 4522 51515
827 4471 960 4538 Philippa,
976 4462 1022 4523 tui.
