3017 5225
745 437 811 510 170

191 631 252 697 rat,
275 623 406 698 mimus,
427 615 560 684 comitem
574 622 606 682 in
618 621 705 686 burte
724 621 953 697 deambulantem
967 619 1154 702 mperientes,
1181 626 1227 686 cni
1249 629 1365 700 postcu-

192 745 278 804 quam
292 727 367 793 dem
383 727 469 790 sillam
492 727 535 788 illi
553 725 677 788 uncum
695 730 810 804 precoti
831 744 945 804 sumus,
967 731 1060 805 ipsum
1077 731 1366 808 interrogavimusd

190 832 357 909 quidboni,
373 833 460 914 cuod
478 833 518 893 ad
536 834 686 908 negocium
706 838 836 894 nostrum
845 833 975 910 iaceret,
997 839 1163 913 accepisset.
1195 835 1365 912 Respondit,

190 937 422 1015 prorsusndlnuc
443 937 528 998 nihil.
566 929 787 1014 Roguri'igitur
811 946 843 1000 ut
863 939 1066 1002 u.Cclcniense
1081 943 1239 1018 expiscuri,
1255 941 1366 1016 siquid

189 1042 296 1107 mium
310 1044 357 1118 sit,
374 1039 553 1117 dignuretur.
577 1043 662 1116 Quod
675 1061 707 1104 se
721 1047 932 1119 promptissime
943 1044 1084 1116 iactum
1100 1048 1151 1122 uit,
1166 1063 1201 1107 uc
1214 1063 1283 1108 mcx
1296 1062 1363 1108 cou-

190 1164 311 1224 snrgens
333 1147 578 1222 urcmcpisccpum
599 1148 686 1223 adiit,
712 1148 798 1210 nobis
821 1156 917 1210 autem
939 1152 1034 1226 ipsum
1056 1135 1258 1214 condentibus
1274 1140 1363 1212 dixit:

189 1255 254 1330 ligo
267 1258 348 1314 rectu
371 1254 410 1314 ad
425 1252 624 1318 coloniensem
647 1254 696 1316 ibo
715 1258 745 1312 et
767 1254 905 1328 quicquid
926 1229 962 1316 en
984 1272 1019 1318 ec
1042 1271 1218 1342 cognomrc,
1240 1255 1364 1326 ociuste

188 1360 296 1428 nescim
309 1357 422 1420 luciam
446 1358 539 1434 luitur
553 1366 618 1432 post
631 1357 743 1421 norun
752 1360 876 1433 specium
887 1377 1017 1436 puerum,
1034 1363 1084 1436 qui
1095 1378 1148 1422 nos
1163 1362 1201 1422 ad
1213 1377 1254 1445 sse·
1263 1364 1364 1425 venue

184 1465 310 1541 juberet,
326 1456 412 1540 misit,
428 1479 514 1538 quem
528 1465 672 1525 subsecuti
695 1481 796 1540 rursus
810 1467 944 1528 comitem
959 1469 990 1526 in
1005 1466 1090 1528 horto
1104 1468 1273 1546 iurenimus.
1312 1469 1364 1530 Di·

188 1572 232 1630 xit
245 1571 343 1644 itaque
366 1586 398 1630 se
413 1570 563 1644 negocium
581 1571 612 1628 in
633 1575 777 1644 numque
801 1578 914 1645 partum
936 1572 1123 1646 perpendisse
1146 1578 1176 1636 et
1196 1580 1230 1634 ut
1247 1571 1363 1636 undem

188 1691 248 1765 non
261 1663 304 1736 itu
318 1689 401 1748 naso,
422 1676 505 1747 iuxta
524 1676 723 1748 prouerbium,
748 1675 1006 1750 suspenderentur,
1029 1678 1189 1750 consultum
1197 1679 1245 1738 rllr
1259 1677 1376 1760 uideri,

189 1781 325 1855 quonium
340 1776 458 1839 edoctus
473 1784 558 1854 unct
574 1795 610 1839 ea
623 1765 670 1838 die
686 1777 900 1856 Coloniensoni,
924 1797 1094 1856 quanquam·
1104 1783 1223 1854 se-clam
1235 1799 1300 1844 esse
1315 1785 1363 1846 de·

188 1883 281 1959 beret,
297 1885 375 1960 apud
388 1883 537 1944 dominnm
553 1884 589 1944 de
598 1881 786 1945 'Grandeueia
800 1894 979 1960 pransurum.
1009 1888 1117 1948 Darem
1132 1903 1249 1964 operam
1262 1894 1297 1948 nt
1310 1906 1364 1964 per

187 2005 309 2066 puerum
323 1990 448 2065 uliqnem
462 2006 526 2050 cum
539 1994 702 2065 postremus
718 1991 821 2070 missus
835 2007 942 2052 menete
965 1995 1178 2068 imponeretur,
1199 1997 1319 2056 vocarer
1332 2000 1363 2056 et

187 2104 248 2160 tum
262 2095 419 2173 pernimia
433 2090 536 2156 incute
547 2094 746 2158 celenensem
769 2098 799 2156 in
818 2101 978 2186 prutsentia¹
989 2095 1176 2161 Grundevelue
1196 2095 1362 2160 accederem

178 2178 303 2279 ‘rogans
328 2209 362 2262 ut
376 2203 455 2277 npud
468 2202 612 2262 dominum
628 2201 665 2261 de
680 2200 864 2264 Grundeueln
877 2205 1013 2278 instaret,
1029 2207 1062 2264 ut
1075 2205 1101 2264 is
1115 2205 1362 2280 upudceesereurn

186 2298 366 2383 meatuum
380 2323 433 2381 pro
453 2322 499 2366 me
513 2306 691 2394 intercedere
708 2306 778 2366 uelit
798 2324 834 2368 uc
848 2309 1037 2370 Maecenatem
1051 2325 1153 2384 egere,
1174 2324 1210 2370 ne
1233 2325 1270 2370 es
1284 2312 1361 2370 omni

189 2420 273 2490 parte
288 2413 327 2474 ad
340 2413 440 2472 restim
454 2418 485 2472 et
497 2420 634 2479 summum
648 2413 1016 2488 paupertatcmredigerer,
1033 2415 1204 2489 ettumipsa
1218 2415 1359 2491 audirem,

187 2518 257 2592 quid
270 2518 402 2592 responsi
417 2514 600 2578 Grundevela
614 2515 706 2577 duret
742 2517 773 2578 Si
788 2533 841 2592 pro
856 2533 901 2578 me
916 2518 1096 2580 intercedere
1108 2501 1263 2595 reciperet,
1273 2535 1360 2596 'spem

186 2624 279 2686 adhuc
293 2623 419 2697 nuquam
434 2602 606 2698 superesse,
622 2624 668 2682 sin
682 2629 779 2684 eutem
794 2625 825 2684 id
840 2624 994 2701 abnueret,
1011 2639 1055 2687 me
1067 2642 1153 2702 *seque
1167 2628 1358 2702 nugatorum,

185 2728 257 2803 quid
270 2722 325 2803 pro
339 2744 372 2788 re
384 2725 636 2803 iacerecporteat.
658 2728 734 2789 Etsi
744 2731 791 2789 iric
805 2728 916 2791 ommno
931 2736 1054 2793 maxime
1068 2716 1360 2809 abhorreret'tumen

185 2834 286 2909 optimi
300 2835 356 2894 riri
371 2834 518 2894 consilium
534 2838 617 2908 sequi
631 2836 717 2896 uolui.
758 2835 818 2897 Sub
837 2836 945 2911 horam,
959 2838 1047 2911 igitur·
1069 2837 1244 2899 undecimum
1260 2837 1357 2915 hespiss

185 2939 257 2998 tium
272 2937 461 2999 Grandeueloe
476 2938 616 2999 adeuntes
630 2940 782 3003 ibidemin
797 2943 934 3005 interiore
954 2944 1032 3003 atrio
1043 2940 1290 3019 prestolabantur,
1300 2944 1357 3005 ⁴do·

185 3042 485 3119 necarolriepiscopus
497 3060 537 3106 eu
551 3045 694 3119 superiori
708 3046 886 3123 ambulacro,
908 3047 957 3108 nbi
972 3050 1070 3123 pransi
1085 3055 1184 3124 erant,
1201 3049 1357 3121 descende·

184 3152 239 3209 ret.
274 3149 318 3209 ric
332 3153 365 3207 ut
378 3150 501 3223 primum
520 3152 625 3209 atrium
649 3151 737 3225 illud,
761 3152 790 3211 in
805 3168 862 3226 qno
877 3153 941 3216 illos
957 3161 1149 3231 expectarem,
1174 3156 1357 3231 introieruriu

106 3327 111 3331 ¹
173 3252 335 3315 corinun
348 3253 548 3317 coloniensem
568 3258 676 3317 accessi
694 3273 825 3333 rogans,
843 3265 875 3319 nt
897 3260 973 3334 apud
988 3260 1128 3321 illustrem
1143 3256 1289 3321 dominum
1304 3260 1359 3339 (sic

184 3360 260 3420 euim
273 3361 372 3421 uocari
386 3361 475 3438 amat)
491 3362 528 3421 de
543 3359 725 3423 Grandcvela
739 3362 1010 3440 mtercedcre-velit,
1032 3370 1065 3425 ut
1079 3384 1133 3441 pro
1147 3379 1194 3427 me
1208 3366 1287 3442 apud
1300 3382 1356 3425 cce·

182 3482 296 3526 saraam
316 3467 496 3539 maiestatem
514 3467 713 3542 Maecenatem,
735 3470 918 3543 ntesnperius
939 3470 1045 3531 dictum
1065 3480 1126 3546 ast,
1150 3486 1238 3550 agere
1256 3471 1375 3547 uellet.-

183 3571 342 3645 Respcndit
357 3560 547 3631 Coloniensisi
562 3572 688 3631 Faciam.
714 3574 839 3633 ‘Putans
853 3580 947 3635 autem
963 3563 1038 3637 icrte
1052 3588 1098 3637 me
1114 3576 1150 3637 de
1163 3573 1357 3641 Atrebateme

181 3675 271 3749 loqui,
287 3692 354 3733 mox
367 3675 486 3736 lacinias
500 3678 622 3735 vatium
636 3676 835 3755 Atrebateusis
851 3678 1093 3757 comprehendens
1115 3682 1209 3761 ipsum
1223 3676 1355 3766 adleua-

182 3777 272 3838 atrum
287 3777 410 3851 seduxit,
425 3781 545 3852 instans,
561 3786 597 3840 ut
608 3781 678 3841 mihi
692 3783 861 3860 videbatur,
879 3774 987 3847 sedulo.
1011 3787 1066 3847 Ast
1079 3785 1354 3850 nuebctemtsom

182 3885 233 3944 nia
246 3885 352 3946 blande
366 3888 552 3961 moliebatur,
562 3923 565 3928 >
575 3869 645 3961 cmo
660 3892 967 3967 autem-responderit,
989 3908 1035 3953 me
1050 3884 1131 3953 latet.
1161 3890 1284 3953 'Deinde
1299 3891 1355 3953 (lc-

181 3990 520 4053 lonensisdrcndouctoe
537 3996 620 4082 putri
644 4000 674 4055 et
696 3993 762 4055 filiis
784 3995 945 4081 valedicens
967 4012 1041 4072 equo
1063 4012 1218 4083 conscenso
1232 3998 1355 4073 liupun-

181 4095 236 4155 tini
249 4095 326 4155 cedes
341 4098 479 4173 uoemsit,
504 4098 542 4157 ad
556 4101 636 4175 cujus
657 4116 748 4175 nsque
762 4101 918 4176 hospitium
938 4104 1069 4165 dommus
1090 4105 1127 4165 de
1141 4104 1226 4179 Lyra·
1235 4107 1267 4164 et
1280 4102 1356 4163 alter

181 4197 305 4279 liliorum
320 4200 509 4280 (inandcvelue
523 4220 597 4264 unus
611 4223 630 4266 a
644 4205 756 4288 dextris
768 4209 884 4279 ultera
905 4210 1029 4281 sinistris
1044 4198 1245 4283 obequitantes
1260 4210 1356 4284 ipsum

166 4305 372 4375 deduxerunt,
407 4309 483 4381 Quia
497 4316 593 4371 anum
617 4313 647 4371 in
661 4309 709 4373 uia
724 4313 903 4373 Coloniensis
918 4319 991 4373 nutu
1006 4314 1161 4383 neuverbc
1176 4312 1356 4398 significabat

177 4428 213 4472 se
226 4414 298 4490 milri
311 4430 529 4489 responsurum,
543 4416 593 4475 ad
610 4421 723 4494 tempus
742 4420 860 4494 nliqnod
880 4421 911 4479 in
925 4420 1050 4497 hospitio
1064 4420 1230 4495 Mognutiui
1244 4436 1355 4481 moram

181 4516 246 4594 feei,
263 4536 297 4581 ac
312 4521 428 4583 intensi
443 4520 593 4599 Philippus
608 4540 627 4585 a
641 4514 726 4587 Stein
736 4526 931 4601 Augustanus,
952 4524 1171 4612 Bumbergensis
1186 4531 1216 4587 et
1229 4525 1353 4601 Mogon-
