3017 5225
640 459 704 532 109
765 469 769 474 '

82 637 247 711 Respondit
260 624 482 700 atrebatensem
494 641 550 714 ipsi
565 639 651 700 hodie
665 657 718 714 per
732 623 853 716 puerhrn
869 643 1066 720 demandasse,
1081 645 1163 720 qnod
1173 643 1256 708 medo

82 759 144 803 non
157 749 240 803 vacet
255 760 320 803 eum
334 745 444 805 andire.
478 745 650 818 'Opportune
664 754 762 808 antem
776 750 859 821 pueri
872 750 928 809 duo
943 751 1017 812 alter
1032 751 1154 811 alterum
1168 767 1255 814 cursu
1275 745 1280 754 '

83 849 249 922 praeuenire
264 843 468 909 contendentes
491 850 617 923 Viglinm
631 850 669 910 ad
684 853 799 914 nrissam
813 853 1012 916 Atrebatensis
1027 864 1175 929 vocarunt.
1197 859 1255 916 lta·

82 968 140 1025 qne
155 943 327 1026 petitionem
338 960 466 1014 ιιιιιιιιι
480 932 656 1016 iteravimus.
1316 1021 1320 1031 .

173 1057 362 1120 wandelinus
377 1060 455 1132 apud
469 1058 615 1122 docorem
630 1039 729 1122 Hasen
743 1061 807 1122 tuit.
847 1064 905 1124 Sed
918 1081 976 1125 vox
989 1072 1048 1140 est,
1070 1071 1100 1127 et
1113 1071 1256 1143 praeterea

170 1267 282 1328 Fndem
297 1268 417 1328 Carolus
438 1287 457 1330 a
472 1271 606 1331 stockem
626 1287 691 1330 cum
711 1272 864 1334 comitibus
878 1289 896 1333 a
911 1269 1052 1336 Wsldeck
1066 1277 1105 1338 ad
1120 1278 1252 1339 comitem

80 1371 267 1432 wilhelmum
283 1391 301 1434 a
315 1374 440 1434 Nasson
431 1391 581 1447 pransum
595 1376 676 1468 abiit.

168 1479 273 1538 Annus
294 1457 550 1554 qmdraaesirnm
546 1496 640 1554 supra
663 1483 939 1556 sesquimillesimum
953 1487 1063 1560 agitur,
1100 1471 1178 1559 quod
1193 1486 1255 1559 pri·-

78 1599 156 1642 mum
171 1573 249 1645 inter
264 1584 413 1644 cattorum
427 1586 572 1660 principes
587 1591 617 1646 et
631 1586 748 1649 comites
763 1604 781 1648 a
795 1589 909 1650 Nessea
931 1607 1018 1666 anper
1032 1593 1169 1665 comitatu
1185 1589 1252 1652 (ιιι-
1283 1583 1287 1590 ’

77 1687 237 1750 tineliboec
251 1691 299 1765 agi
313 1679 439 1766 emptum
454 1696 506 1751 est.
600 1712 603 1717 ·
1122 1771 1126 1774 -

168 1793 269 1856 Abhas
285 1795 468 1870 aKemptem
486 1797 543 1869 ait,
566 1812 598 1856 sc
619 1797 685 1871 plus
703 1797 782 1858 mille
802 1800 974 1860 rusticorum
988 1801 1109 1876 habere,
1134 1802 1184 1875 qui
1198 1818 1251 1860 un·
1292 1839 1295 1846 ·

77 1915 167 1974 quam
182 1900 307 1974 panibus
321 1904 359 1961 ex'
372 1901 487 1976 siligine
501 1902 547 1962 vel
567 1903 664 1962 tritico
679 1902 723 1960 usi
738 1904 810 1976 sint,
832 1910 863 1964 et
876 1904 977 1964 habuit
991 1921 1050 1985 non
1063 1921 1153 1965 annm
1167 1906 1251 1980 huius

75 2005 120 2063 rei
133 2002 197 2064 fide
210 2003 326 2080 dignum
340 2007 632 2087 testem-'cnm‘nohis
646 2009 759 2067 caeteris
773 2010 821 2066 vix
835 1997 971 2070 credibile
986 2009 1140 2070 uideretur.
1161 2009 1249 2084 Adje-

76 2110 114 2169 cit
127 2126 202 2168 vero
217 2097 278 2185 ipse
302 2113 379 2171 inter
392 2112 445 2172 hos
459 2112 613 2172 nonnullos
628 2128 702 2187 csse,
718 2129 839 2186 qnorum
855 2113 943 2173 sunni
957 2119 1113 2186 prouentus
1128 2111 1166 2173 ad
1180 2129 1250 2173 non·

76 2220 182 2287 gentos
193 2221 249 2275 ιιι
261 2216 339 2274 mille
354 2233 457 2277 aureos
472 2207 705 2278 extenderentur.
729 2238 741 2302 j
831 2269 837 2280 .

168 2319 281 2379 Eadem
295 2319 354 2379 dux
366 2322 508 2384 Ernestus
523 2312 628 2398 petitas
643 2306 755 2382 litteras
771 2323 852 2384 nohis
868 2323 952 2381 misit.
1313 2401 1320 2409 .

119 2459 126 2468 ‚
168 2425 335 2485 Jbachimns
350 2411 637 2502 Brendenhurgensis
657 2428 765 2489 elector
780 2428 950 2488 Michaelem
971 2421 1257 2502 illnm'perscnatum

76 2531 279 2592 sidoniensem
299 2533 462 2606 episcopum
480 2534 634 2593 multorum
651 2533 866 2593 mendaciorum
882 2538 912 2592 et
931 2530 1006 2608 quod
1020 2548 1121 2592 aonam
1136 2531 1270 2605 agiliter

75 2636 257 2699 transilierit
262 2639 394 2711 convicit,
409 2654 462 2736 nec
476 2639 708 2713 archiepiscopus
723 2622 908 2701 coloniensis·
917 2639 1052 2699 Michaeli
1070 2638 1205 2713 presidio
1219 2640 1249 2697 in
1286 2678 1289 2687 .

74 2741 211 2801 omnibus
226 2758 289 2802 esse
304 2744 403 2802 voluit.
515 2751 522 2757 ’

167 2846 346 2908 (boloniensis
362 2849 398 2908 de
412 2848 520 2922 scripto
535 2850 678 2909 unorcnlae
694 2851 772 2923 apud
786 2848 954 2909 Auaxonem
968 2808 1141 2921 conquestus
1156 2851 1209 2906 ιιι.
1265 2842 1268 2847 ’

166 2953 279 3013 Eadem
304 2953 526 3027 Christopborns
549 2955 607 3014 dnn
633 2971 652 3013 a
678 2952 865 3029 wirtenberc
892 2960 921 3013 et
947 2968 1040 3013 comes
1055 2953 1247 3027 Montispelli·
1285 2952 1290 2959 ”

75 3058 157 3119 cardi
172 3057 363 3133 quadraginta
377 3048 520 3133 equitibus
535 3061 741 3119 concomitatns
754 3060 811 3119 huc
826 3059 976 3121 aduenisse
991 3058 1150 3119 dicebatur.

151 3152 330 3238 Stephanus
352 3156 478 3226 medicus
497 3180 533 3223 ex
547 3142 644 3225 Br'eda
663 3179 728 3223 enm
747 3166 785 3224 ab
799 3164 930 3223 Adriano
953 3164 1108 3223 aZertnen
1122 3164 1246 3221 interro·

73 3274 209 3343 geretur,
233 3271 381 3343 cuiusnam
394 3266 461 3327 fidei
476 3274 563 3343 esset,
582 3268 743 3341 respondit:
717 3269 854 3329 tOras
869 3268 931 3328 tihi
936 3266 1127 3340 respondebo,
1144 3273 1246 3327 notans

76 3372 338 3453 interrogantem
319 3392 349 3431 ιιι
364 3390 397 3433 re
411 3374 504 3437 minus
519 3369 597 3432 seria
608 3375 718 3447 jncare
764 3366 770 3371 ’
1266 3388 1269 3401 ¹

163 3478 236 3552 xxiiJ
228 3479 353 3553 Maii
344 3498 375 3537 ιι
396 3480 504 3555 templo
523 3493 666 3537 minorum
685 3478 714 3537 d
731 3476 900 3538 hechardus
923 3469 959 3535 en
981 3489 1043 3549 cap.
1064 3476 1185 3536 loannis
1211 3476 1244 3534 3.

74 3582 168 3642 »Haec
182 3588 229 3642 est
247 3590 342 3643 antem
356 3584 567 3657 condemnatio,
582 3583 662 3657 quod
675 3584 725 3641 lux
745 3583 824 3643 venit
844 3580 1025 3641 inmundum
1040 3585 1069 3639 et
1083 3580 1246 3649 dilexerunt

71 3686 205 3747 homines
227 3690 319 3762 magis
333 3690 468 3748 tenebras
484 3704 570 3762 qnam
583 3688 686 3765 lucem.
724 3689 818 3747 Erant
837 3684 913 3745 enlm
935 3702 1042 3746 eornm·
1057 3687 1244 3758 malaopera.
1297 3728 1299 3733 ι

73 3790 175 3850 Omnis
190 3793 264 3850 enim
280 3794 328 3867 qni
343 3793 420 3851 mala
435 3794 504 3866 agit,
521 3793 583 3852 odit
596 3794 699 3867 lucem,
715 3808 768 3852 nec
783 3793 861 3859 venit
875 3793 914 3853 ad
928 3793 1030 3865 lucem,
1045 3796 1079 3850 ιι
1093 3790 1245 3864 conspicua

70 3894 145 3957 fiant
158 3894 345 3972 hetaipsius,
362 3897 440 3971 qnod
448 3882 500 3969 per
509 3896 602 3957 Deum
611 3892 669 3956 sint
677 3894 772 3957 facta«
790 3902 855 3977 ete,
870 3874 975 3971 populo
991 3896 1175 3955 concionatus
1190 3900 1243 3968 est,
1281 3916 1286 3927 ι

70 4008 208 4075 repetens
231 4002 338 4076 primo,
361 3985 664 4075 prehendendam,
687 3995 820 4059 nimirum
840 3998 917 4074 quod
930 4001 1049 4060 credens
1065 3998 1243 4072 noniudice-
1276 4048 1280 4052 .

70 4112 127 4181 tur,
145 4106 313 4167 incredulus
325 4110 423 4165 autem
434 4105 579 4178 iudicatus
594 4107 641 4164 ιιι.
679 4106 772 4177 Quam
787 4111 883 4165 ιιιιιιι
904 4106 966 4163 haec
979 4105 1124 4164 sententia
1138 4102 1244 4165 Christi

70 4213 180 4272 mundo
195 4228 254 4272 non
269 4212 411 4284 arrideat,
432 4226 468 4269 ex
486 4210 542 4271 hoc
554 4215 670 4285 patere
693 4209 872 4281 quodetiam
891 4210 1024 4301 tenebras
1038 4209 1172 4285 amplecti
1186 4226 1244 4269 uta·

70 4315 133 4376 lint.
172 4318 248 4377 Nam
267 4296 364 4375 cunei
386 4316 541 4389 loannem,
563 4306 731 4381 austerioris
750 4313 818 4373 vitae
839 4296 946 4387 virulos,
967 4314 1068 4373 andim
1086 4313 1242 4386 noluerint,

70 4419 218 4481 thrhmn
245 4419 407 4484 bcmimhus
434 4425 658 4479 conversantem
683 4423 818 4491 tauquam
849 4418 980 4477 luconem
1008 4419 1161 4490 rejicerent
1185 4421 1241 4475 etc.
1270 4437 1276 4449 ι

70 4526 142 4586 Item
162 4524 250 4600 quoda
266 4525 486 4588 directissimam
505 4525 543 4583 sit
567 4523 767 4602 compendium
794 4523 861 4605 vitae
883 4522 998 4583 aeternae
1025 4518 1241 4595 consequendae,
