3017 5225
187 596 356 677 adstringi.
362 598 507 659 Summam
522 596 598 655 enim
613 595 763 669 scripturae
779 608 842 653 esse
857 594 908 669 ait,
923 590 1012 653 verbo
1021 590 1115 651 inniti.
1138 590 1260 665 Quod
1236 607 1262 651 sn
1274 588 1361 653 teca

187 705 261 774 sent,
285 702 388 776 inqui,
404 706 602 761 antecessores
617 698 708 759 nostri
724 704 753 758 et
768 715 826 757 non
840 698 936 773 potius
957 712 1046 772 opera
1062 664 1169 757 domini
1190 698 1297 757 imitari
1312 712 1362 757 vo-

188 806 319 881 luissent,
335 813 367 866 ut
383 806 481 865 alius
469 807 608 879 Jejunium
623 808 795 878 perpetuum
809 805 886 864 sibi
878 804 932 878 rpsi
946 804 1179 879 praescripsisset,
1188 802 1262 863 alius
1276 802 1360 862 here·

188 928 233 971 mo
249 911 381 972 habitare
397 911 560 985 delegisset,
576 910 766 995 interjiciens,
786 909 941 969 monachus
963 913 1059 968 autem
1080 901 1227 969 solitarius
1241 908 1286 986 (at
1298 909 1363 968 haec
1476 927 1477 930 ¹

187 1016 332 1076 hominum
347 1016 403 1076 faex
419 1032 475 1090 quo
492 1032 550 1075 nou
564 1015 619 1075 hoc
629 1031 691 1074 aevo
707 1011 966 1089 circumcursitati)
976 1014 1084 1073 nonita
1099 1013 1243 1076 deviatum
1259 1012 1362 1074 inissa

187 1127 300 1181 erecto
314 1120 396 1181 verbi
410 1120 458 1213 dci
482 1120 628 1181 intellectu
651 1125 680 1181 ct
694 1136 765 1181 vera
778 1118 834 1178 lide
849 1124 903 1179 etc.
933 1118 1007 1178 Item
1023 1118 1093 1192 quid
1108 1120 1163 1178 sibi
1176 1120 1246 1179 velit
1256 1118 1363 1180 vocula
1478 1143 1479 1152 ι

193 1233 379 1303 «suggeret»,
396 1229 550 1289 enarravit.
573 1226 614 1286 Et
626 1230 661 1285 ut
675 1228 790 1286 omnino
805 1223 888 1285 nobis
902 1224 1150 1300 persuaderemus,
1166 1226 1191 1283 si
1204 1226 1251 1285 vel
1265 1226 1295 1284 in
1309 1240 1360 1284 ne·
1479 1213 1480 1224 ’

188 1334 322 1393 cessitate
342 1334 472 1410 corporis
491 1334 538 1393 vel
560 1333 662 1391 enimse
683 1332 820 1407 periculis
843 1336 894 1390 ant
915 1331 1001 1389 etiam
1020 1331 1068 1389 vel
1086 1330 1117 1389 in
1136 1331 1282 1405 prosperis
1296 1346 1360 1392 sno-
1480 1329 1481 1332 ’

188 1438 314 1499 cassibus
337 1438 419 1498 nobis
441 1438 472 1512 iu
493 1443 617 1497 mentem
640 1439 737 1498 veniat
761 1437 797 1497 de
817 1437 866 1497 dei
885 1425 1029 1509 bonitate,
1052 1450 1116 1495 eam
1138 1436 1363 1497 consolationem

188 1545 286 1619 magni
300 1542 455 1617 fassurus,
473 1542 588 1603 domino
604 1542 713 1617 gratim
728 1546 861 1616 egentes,
887 1537 1097 1615 recogitantes,
1120 1541 1152 1602 id
1166 1543 1261 1616 gatis
1274 1541 1362 1615 huius

188 1650 307 1725 spiritns
322 1649 500 1723 suggestoris
523 1648 662 1722 paracleti
681 1646 744 1707 fieri
760 1653 814 1707 etc.
849 1646 1038 1721 concludens,
1054 1636 1088 1705 ut
1101 1646 1195 1706 Deum
1210 1651 1269 1723 opt.
1285 1665 1361 1707 max.

189 1768 366 1828 rogaremus,
382 1751 438 1813 duo
454 1753 537 1813 nobis
551 1753 613 1811 haec
626 1769 680 1826 per
694 1752 838 1813 Christum
852 1737 995 1828 impartiri
1009 1751 1186 1828 dignaretur,
1197 1759 1240 1813 ut
1255 1754 1364 1814 scilicet

190 1859 309 1919 verbum
325 1859 387 1931 eius
402 1856 458 1918 lide
473 1874 547 1932 pura
562 1846 820 1933 apprehendamus,
836 1863 867 1917 et
882 1857 986 1918 deinde
1005 1875 1063 1931 quo
1077 1860 1180 1934 spiritu
1193 1858 1248 1918 hoc
1261 1864 1362 1919 macte

191 1964 263 2025 illud
276 1964 441 2026 conservari
464 1969 494 2023 et
512 1962 549 2023 ab
571 1963 669 2025 eodem
690 1964 795 2052 spiritu
810 1964 908 2038 nobis,
932 1978 996 2037 quse
1010 1962 1074 2023 Deo
1090 1964 1167 2039 patri
1181 1968 1212 2023 et
1224 1962 1284 2024 filio
1299 1965 1361 2040 pla·
1434 1960 1441 1971 '

191 2072 248 2130 cita
257 2075 323 2130 sunt
331 2070 447 2144 suggeri
456 2069 553 2129 donet.
576 2070 668 2131 Nemo
677 2075 772 2147 autem
782 2086 818 2129 ex
826 2085 898 2130 meae
912 2068 1014 2129 farinae
1028 2068 1190 2129 hominibus
1204 2067 1289 2129 iacile
1302 2072 1362 2145 spi-

191 2178 278 2236 ritum
286 2176 411 2236 Mueculi
422 2176 517 2236 verbis
528 2178 677 2251 exprimet.
700 2175 807 2235 Aiebat
817 2181 846 2234 et
859 2174 929 2234 illud
944 2175 1041 2235 omnia
1055 2190 1119 2247 qna
1134 2174 1194 2233 dini
1208 2175 1290 2235 vobis
1304 2192 1364 2237 non

192 2282 265 2343 adeo
283 2281 501 2357 intelligendum
520 2280 556 2341 de
571 2281 656 2340 nudis
670 2280 777 2351 verbis,
802 2295 867 2338 cum
890 2279 1074 2354 evangeliste
1094 2275 1194 2340 eadem
1213 2298 1303 2355 opera
1316 2284 1364 2343 vel

192 2387 282 2448 verba
298 2386 404 2445 christi
419 2386 468 2444 alii
483 2385 548 2445 aliis
563 2382 659 2444 verbis
674 2383 846 2460 describant,
862 2385 914 2444 sed
924 2387 1008 2459 juxta
1022 2392 1130 2445 rectam
1145 2389 1323 2449 sententiam.

281 2491 392 2552 Eadem
401 2489 545 2549 dominum
554 2488 774 2551 Atrebatensem
785 2491 932 2550 conveniri
946 2490 1137 2564 cupiebamus.
1161 2481 1270 2553 Verum
1282 2500 1363 2570 post·

194 2613 280 2672 quam
296 2594 403 2656 dicum
419 2574 646 2670 deambulatum,
666 2594 775 2670 prodiit
787 2596 903 2657 andem
917 2601 1070 2672 paternum
1084 2596 1238 2673 hospitium
1253 2600 1362 2660 adiens.

192 2702 280 2760 Tanti
295 2705 391 2760 antem
405 2704 490 2759 erant
504 2700 702 2775 petitoresut
716 2702 799 2761 nobis
815 2719 879 2762 eum
895 2703 1003 2776 ulloqui
1017 2717 1076 2762 non
1090 2703 1212 2762 licuerit.
1224 2690 1229 2710 ”

280 2807 326 2866 Ad
346 2805 462 2881 prandii
480 2803 581 2865 horam
601 2807 824 2870 illustrissimum
845 2807 878 2868 d,
895 2809 1037 2868 domnam
1056 2808 1236 2868 Fridericum
1256 2809 1362 2868 electo·

192 2929 254 2972 rem
276 2912 463 2972 visitavimus.
505 2910 615 2971 Mensae
637 2913 804 2974 assidebant
827 2913 976 2989 Philippus
999 2918 1030 2973 et
1049 2913 1180 2974 Eubulus
1203 2914 1321 2974 comites
1345 2930 1364 2974 a

193 3016 335 3077 Waldeck
356 3014 475 3091 iratres,
499 3017 642 3077 Henricus
657 3018 729 3079 baro
744 3037 763 3078 a
778 3019 1029 3095 schwartzenberg
1044 3024 1075 3078 et
1088 3002 1203 3079 Taiiere
1217 3019 1363 3095 Hispanus

193 3127 223 3182 ct
243 3122 374 3182 electoris
392 3123 581 3183 cancellarius
600 3121 774 3184 Minckwitu.
818 3125 936 3200 Elector
957 3140 989 3185 sc
1009 3126 1092 3185 nobis
1114 3108 1364 3184 clementissimum

194 3224 336 3301 exhibuit,
359 3228 541 3303 interrogans
561 3228 597 3288 dc
616 3230 651 3288 iis
675 3229 774 3304 etiem,
799 3246 862 3303 quae
884 3227 992 3289 homini
1006 3232 1046 3288 in·
1060 3231 1149 3290 tanda
1163 3228 1364 3298 afflictionibus

191 3331 337 3392 memoria
353 3351 417 3394 esse
430 3336 562 3394 miraculi
576 3336 638 3396 vice
654 3333 780 3396 duxeris.
817 3335 934 3394 Etcum
948 3332 1056 3409 optimo
1075 3337 1198 3411 principi
1212 3352 1276 3396 meo
1291 3350 1363 3395 nro·

192 3438 290 3514 risquc
305 3441 419 3499 nomine
434 3439 470 3500 de
485 3439 613 3501 exhibita
627 3439 710 3500 nobis
725 3440 880 3518 clementia,
890 3442 998 3515 gratim
1013 3457 1138 3515 agerem,
1158 3441 1316 3517 respondit,
1331 3458 1364 3502 se

168 3581 171 3588 -
194 3544 290 3604 omnia
309 3544 496 3606 libentissime
510 3521 628 3620 fecisse,
653 3551 683 3605 ct
700 3547 725 3606 si
748 3548 806 3619 qua
826 3547 857 3604 iu
870 3562 903 3605 re
922 3546 1071 3619 utriusque
1085 3561 1146 3606 rcm
1160 3551 1272 3620 mamm
1287 3561 1363 3622 prae-

193 3654 271 3710 stare
285 3650 367 3709 nobis
382 3655 490 3725 posset,
504 3651 546 3710 illi
561 3667 672 3727 semper
687 3652 718 3711 id
732 3652 836 3726 volupe
850 3649 986 3711 futurum.
1025 3650 1196 3712 Consoletar
1215 3669 1279 3712 eum
1293 3668 1364 3744 vero

194 3771 246 3842 suo
261 3755 408 3830 paracleto
429 3755 494 3830 illo,
520 3757 569 3830 qui
591 3773 687 3817 omnes
705 3747 878 3820 afflictiones
896 3755 982 3829 hujus
1002 3757 1140 3832 principis
1162 3758 1192 3816 in
1210 3773 1298 3817 manu
1311 3774 1371 3817 sua

193 3836 353 3936 descriptas
367 3860 456 3921 habet
469 3861 559 3922 Deus.
600 3862 694 3938 Hujus
716 3863 854 3939 principis
875 3861 1108 3921 tribulationibus
1127 3867 1158 3922 et
1175 3861 1238 3920 hac
1252 3861 1365 3955 adjecta

193 3971 253 4041 est,
262 3970 295 4025 ut
308 3970 448 4054 tractatus
463 3968 539 4040 inter
546 3968 715 4030 Mauritium
730 3969 782 4030 et
773 3983 868 4044 1psum
883 3968 1131 4084 protraherentur,
1147 3983 1183 4028 eo
1197 3969 1275 4042 qnod
1289 3984 1365 4029 com-

192 4071 316 4131 missarii
330 4073 471 4132 nominari
485 4074 696 4146 nequibant.

281 4175 395 4239 Deinde
418 4178 512 4237 animi
526 4181 620 4254 gratia
646 4181 724 4239 intra
746 4179 847 4239 urbem
867 4146 1061 4238 deambulanti
1089 4172 1203 4239 obviam
1227 4180 1314 4264 nobis
1331 4175 1366 4238 fit

192 4281 343 4356 Fuggerus
363 4282 434 4342 albae
450 4284 610 4358 gallinacei
597 4284 700 4342 tsolis
700 4259 792 4360 filius,
816 4283 908 4344 Iberis
923 4283 978 4342 sibi
998 4284 1108 4359 aliquot
1126 4284 1279 4360 abundis,
1301 4287 1383 4359 ipse,
1464 4305 1470 4314 ·

193 4389 279 4464 plane
293 4387 474 4462 Hispanicus.
590 4425 592 4432 ›

284 4492 330 4554 Dc
344 4495 458 4555 interim
473 4497 582 4571 aliquot
595 4496 716 4588 paginas
729 4494 858 4570 legimus.
