3017 5225
741 420 816 489 ιιι

287 610 471 673 Aeoucione
490 606 670 683 jentaculum
683 605 863 679 sumpsimus
882 618 918 665 ac
940 606 972 663 iu
990 580 1073 665 llhur
1095 605 1127 665 in
1146 605 1272 665 ιιιιιιιιιι
1290 592 1370 666 cibos

196 718 295 793 parari
310 716 470 775 curavimus
485 729 539 788 pro
554 712 686 772 muliebri
695 711 840 783 comitatu,
855 709 910 772 bos
920 716 1018 771 tumen
1032 711 1155 786 primum
1165 712 1250 785 juxta
1263 727 1370 785 pagum

196 822 315 883 Harlem
330 820 368 879 ad
383 834 463 877 oram
478 816 608 877 Scbwolb
627 813 750 875 fluminis
775 815 992 891 insumpsimus,
1015 816 1085 877 inde
1098 821 1178 877 reeta
1192 816 1370 876 Waldeciam

196 932 326 1003 petentes
346 924 460 985 circiter
482 926 614 996 quartem
632 920 858 994 pomeridianam
882 937 978 981 arcem
997 922 1121 995 patriam
1141 922 1296 994 intramus,
1320 921 1370 980 ubi

197 1048 249 1092 nos
271 1033 417 1103 compater
436 1033 534 1089 noster
556 1041 649 1085 comcs
666 1024 781 1085 Samuel
804 1026 929 1099 excepit,
957 1025 1008 1098 qui
1029 1030 1059 1085 ιι
1078 1024 1370 1085 uobiscumeoenatus

197 1141 251 1195 est.
274 1124 430 1197 Waldeoiae
446 1133 588 1211 nemiuem
601 1136 709 1205 praeter
722 1125 845 1191 Honfels
864 1136 894 1191 et
909 1129 1073 1191 (louruduru
1087 1129 1194 1191 cocum
1207 1146 1271 1188 eum
1285 1127 1368 1222 iami-
1409 1167 1412 1173 -

196 1242 245 1316 lia,
262 1256 326 1315 qum
341 1239 380 1300 ibi
396 1254 459 1299 esse
475 1238 631 1312 cousuevit,
646 1237 815 1323 reperimus.
1017 1279 1019 1284 .

286 1344 388 1418 Ιιιιιιι
401 1361 420 1403 v
434 1341 544 1419 Aprilis
558 1359 577 1403 ι
591 1340 733 1404 Waldeck
746 1343 844 1401 tristes
859 1344 889 1399 et
902 1340 981 1399 anxii
995 1317 1125 1414 profecti,
1151 1355 1210 1427 nou
1224 1342 1370 1401 muscian-

198 1449 239 1509 tia
254 1448 304 1509 sed
319 1450 459 1510 malornm
475 1445 668 1507 delationibus
682 1448 763 1518 moti,
784 1447 868 1519 juxta
880 1442 1038 1519 psalmista
1052 1444 1154 1504 verba:
1173 1444 1304 1515 Euntes
1317 1444 1368 1505 fle·

197 1554 288 1612 rimus
303 1552 448 1612 mittentes
464 1551 575 1609 semina
586 1555 717 1624 nostra«,
732 1550 868 1609 vicesima
886 1549 1014 1612 secunda
1028 1549 1100 1609 Julii
1113 1554 1292 1609 revertentes
1306 1552 1370 1611 sani

198 1657 284 1717 ιιιιι
241 1657 348 1731 rntegri
361 1672 424 1741 cum
440 1655 607 1714 charissima
621 1670 712 1715 uxore
726 1652 859 1713 laetantes
868 1654 907 1715 ad
916 1651 1036 1713 eandem
1050 1670 1145 1714 arcem
1159 1655 1289 1715 venimus
1302 1671 1369 1729 por·

198 1765 293 1823 tentes
307 1731 467 1833 manipulos
481 1764 548 1819 nost
548 1775 606 1817 ros.

287 1863 461 1925 Benedictus
482 1865 571 1939 igitur
591 1865 630 1923 sit
645 1838 716 1925 deus
730 1870 826 1938 pater
829 1864 964 1937 coelestis,
986 1864 1036 1937 qui
1050 1879 1104 1923 uos
1117 1863 1154 1923 de
1167 1878 1255 1923 mauu
1269 1868 1371 1938 poten·

199 1970 237 2031 tis
253 1974 283 2029 ct
302 1970 379 2029 omni
398 1970 625 2043 expectatione
616 1970 796 2063 mimicorum
817 1969 935 2044 eripuit,
958 1968 1011 2027 ιι
1002 1984 1028 2027 rs
1041 1967 1127 2027 modo
1146 1968 1372 2029 misericorditer

202 2074 311 2135 doume
326 2074 475 2149 dignetur,
500 2077 533 2133 ut
548 2051 692 2135 vocationi
703 2090 775 2133 meae
790 2079 907 2148 ιιιιιιι,
922 2074 948 2133 si
963 2073 1060 2133 divina
1074 2065 1183 2133 sio'suo
1196 2070 1255 2133 lert
1268 2075 1369 2134 volun·

197 2184 253 2252 tas,
269 2178 408 2239 inseruire
423 2177 462 2238 ad
477 2179 521 2237 sui
535 2180 710 2239 sacrosancti
724 2180 848 2239 nominis
863 2177 997 2253 glorian,
1019 2178 1197 2239 subditorum
1211 2176 1370 2252 profectum

198 2286 228 2343 et
242 2282 341 2341 uxoris
361 2286 391 2343 ιι
409 2278 566 2343 liberorum
587 2298 736 2357 meamque
758 2285 880 2343 salntem
900 2283 957 2344 rite
971 2299 1085 2357 queam.
1122 2279 1212 2356 quue
1226 2288 1279 2356 per
1293 2299 1369 2357 eum,

199 2386 249 2463 qui
263 2402 316 2447 uos
340 2385 395 2445 sibi
409 2387 539 2465 precioso
555 2404 607 2447 suo
631 2378 771 2461 sanguine
790 2393 933 2448 mercatus
949 2393 1007 2461 est,
1027 2387 1126 2447 Jesum
1142 2387 1295 2463 Christum,
1319 2390 1370 2448 do

199 2491 307 2549 minum
322 2495 462 2565 nostrum,
479 2491 524 2549 bui
539 2506 602 2551 cum
617 2492 717 2551 eodem
731 2492 821 2567 patre'
830 2497 862 2551 et
875 2496 975 2553 sancto
994 2494 1099 2567 spiritu
1113 2493 1175 2551 laus
1190 2493 1233 2551 sit·
1242 2499 1273 2553 et
1286 2494 1372 2555 bene·
1494 2467 1496 2508 ³

198 2594 285 2656 ιιιιιο
300 2594 331 2653 in
346 2595 450 2660 secula,
473 2594 575 2656 Amen.

290 2699 411 2760 Domine
427 2700 507 2776 deus,
524 2702 576 2776 da,
591 2717 650 2762 uon
665 2703 742 2776 quod
758 2706 843 2774 autea
858 2702 943 2775 quid,
963 2701 1080 2761 iuterim
1094 2704 1146 2760 aut
1159 2700 1280 2775 postbac
1294 2717 1369 2761 mor·

198 2803 265 2864 tulis
285 2821 374 2866 vanus
398 2807 499 2866 statuit
520 2812 662 2868 statuetue
680 2801 797 2880 lacere,
820 2806 873 2867 scd
897 2805 974 2882 qnod
997 2806 1047 2865 ille
1068 2821 1122 2866 uos
1136 2805 1259 2881 edocuit,
1283 2822 1371 2883 super
1411 2809 1414 2813 ’

199 2925 285 2984 quem
298 2910 353 2970 ml
354 2910 462 2970 ordene
476 2913 593 2984 spiritus
607 2917 674 2972 tuus
688 2913 781 2973 bonus
795 2914 873 2972 visus
886 2916 931 2971 est
944 2915 975 2970 ιι
989 2927 1075 2986 quem
1088 2927 1177 2971 unum
1190 2911 1288 2985 patria
1301 2915 1371 2972 uoce

198 3027 251 3072 nos
266 3013 367 3072 audire
381 3015 554 3089 praecepisti
577 3015 678 3091 Amen
765 3039 772 3044 ·
1245 3071 1249 3076 ,

289 3116 358 3176 cum
372 3117 509 3182 Joannes
522 3119 632 3180 Nellius
654 3122 836 3192 amanuensis
854 3127 952 3182 noster
981 3125 1024 3182 24
1043 3077 1195 3190 Februarii
1219 3137 1296 3180 auno
1316 3126 1370 3180 etc

202 3220 241 3282 49
258 3223 407 3308 itinerario
430 3224 497 3284 bulo
515 3230 690 3297 postremam
710 3244 824 3286 manum
848 3227 1043 3302 imposuisset,
1067 3226 1207 3300 postridie
1229 3226 1291 3298 ejus
1313 3227 1372 3286 diei

198 3328 357 3405 Philippus,
373 3329 502 3391 Joeuues
523 3336 553 3391 et
566 3329 739 3391 Franciscus
760 3333 879 3392 comites
893 3332 923 3390 ιι
938 3330 1080 3390 Waldeclr
1097 3327 1203 3390 batres
1217 3331 1310 3390 nostri
1324 3345 1371 3389 eo-

199 3433 263 3494 dem
278 3417 407 3510 genitore
429 3436 576 3496 nobiscum
597 3439 653 3496 sati
671 3439 794 3512 primum
815 3437 947 3496 dotalitia
965 3437 1063 3496 uxoris
1085 3416 1193 3495 ιιιιιιι
1207 3434 1370 3496 Anastasia·

198 3540 279 3617 (licet
301 3542 434 3602 malevoli
454 3536 489 3601 et
504 3540 607 3614 quibus
627 3519 782 3603 coneordia
802 3540 925 3602 fratrum
938 3557 998 3601 non
1011 3541 1126 3601 lucrosa
1139 3541 1237 3602 lutura
1250 3542 1369 3602 timeba-

197 3651 245 3708 tur
259 3633 421 3707 intertium
436 3663 527 3719 usque
543 3663 650 3705 annum
664 3648 730 3706 huic
743 3649 865 3722 negocio
879 3643 1057 3720 obstiterint)
1080 3651 1110 3706 ιι
1124 3646 1186 3706 suis
1197 3644 1371 3727 syngraphis

198 3755 229 3810 et
243 3750 343 3830 sigillis
357 3748 571 3812 confirmarunt.
611 3751 796 3827 Quapropter
811 3757 841 3812 ιι
855 3768 918 3826 ego,
935 3757 1071 3827 expertus
1085 3769 1144 3812 nou
1158 3751 1293 3813 confundi
1307 3755 1369 3826 qui·

198 3871 309 3928 cunque
333 3860 485 3930 expectant
505 3856 663 3931 dominum,
688 3853 801 3930 patrem
823 3858 930 3918 domini
950 3862 980 3915 et
999 3855 1164 3916 liberatoris
1186 3859 1278 3918 nusui
1299 3859 1371 3918 Jesu

196 3959 304 4020 Christi
328 3977 391 4020 cum
413 3959 473 4022 filio
493 3977 544 4020 sno
572 3961 755 4023 dilectimimo
775 3969 806 4022 ιι
824 3963 928 4036 spiritu
947 3968 1048 4020 sancto
1062 3960 1217 4037 confiteor,
1237 3963 1326 4024 laudo
1342 3968 1371 4024 ιι

195 4066 335 4126 benedico
350 4066 381 4124 in
396 4045 499 4126 cuncta
513 4068 609 4128 secula
624 4067 794 4127 seculorum.
817 4068 919 4126 Amen.

287 4169 392 4228 Actum
408 4168 558 4230 Gorbaobii
581 4173 611 4230 in
625 4173 742 4232 archivo
757 4173 898 4236 litterario
913 4179 1012 4251 nostro
1026 4174 1057 4233 iu
1071 4174 1227 4248 praesentia
1240 4158 1298 4235 mei
1311 4173 1370 4232 Eu·

199 4273 260 4332 buli
275 4277 304 4331 et
319 4273 478 4334 Hermanni
493 4291 528 4335 ac
542 4276 663 4336 Joennis
678 4277 849 4352 Nellierum,
864 4295 1067 4352 germanorum
1081 4276 1214 4351 fratrum,
1230 4278 1299 4338 dum
1312 4279 1370 4338 Ro·

199 4377 343 4436 morensis
369 4378 471 4438 cohors
497 4381 631 4440 Sathause
654 4387 743 4440 mstro
771 4383 896 4456 percitus
916 4360 1064 4447 interitum
1088 4384 1234 4444 inteutans
1256 4368 1370 4446 iuterim

201 4483 288 4541 ramis
308 4483 435 4556 velisque
456 4484 522 4543 baio
537 4484 641 4560 oppido
663 4486 799 4548 invehere
826 4493 959 4563 conatur,
989 4489 1067 4563 quod
1084 4485 1239 4564 probibeat
1256 4489 1300 4562 is,
1321 4487 1370 4561 qui
