3017 5225
750 377 816 446 162

279 561 329 637 xiij
350 561 430 623 Junii
452 562 484 622 iu
511 559 618 635 templo
640 557 773 622 Mauritii
799 563 932 622 invocato
957 543 1072 622 nominc
1094 561 1192 630 divino
1214 559 1368 644 diusculus
1456 538 1461 548 ¹
1499 621 1500 634 ,

192 667 256 727 haec
269 668 358 730 verbs
372 667 444 742 legit
457 667 579 728 Joauuis
597 666 653 726 15:
680 666 771 726 »Hac
784 666 921 741 praecipio
935 665 1029 742 uobis,
1045 667 1223 748 utxdiliqctis
1237 683 1289 730 uos
1300 683 1365 728 mn·
1499 665 1500 712 ἐ

183 757 251 849 tuo,
268 773 293 833 ai
307 772 429 833 mundus
444 790 496 834 ros
510 773 586 848 odit,
610 773 688 832 scitis
708 771 787 846 quod
806 789 851 832 me
875 773 956 848 prius
972 789 1058 847 quarn
1072 789 1123 834 uos
1138 773 1205 834 odio
1219 767 1375 848 hebuerit,¹

189 879 266 938 side
280 878 388 939 mundo
407 876 548 954 fuissetis,
572 874 695 962 mundus
710 878 788 952 quod
814 895 896 938 suum
916 884 960 938 est
979 878 1121 954 diligeret,
1147 863 1305 954 quievero
1326 879 1364 940 de

186 983 297 1048 mundo
311 1000 370 1046 uon
385 985 469 1058 estis,
490 983 543 1044 sed
556 999 610 1058 ago
626 983 700 1058 elegi
713 999 764 1044 uos
780 982 816 1045 de
830 963 951 1060 mundo,
972 991 1130 1061 propterea
1140 986 1203 1056 odit
1216 1001 1268 1046 vos
1282 1002 1363 1046 mun-

119 1078 122 1085 ’
190 1090 265 1151 dua<
274 1096 338 1150 etc.
375 1089 431 1148 Hic
446 1089 551 1150 docens
567 1088 713 1150 christum
726 1089 872 1150 dominum
895 1091 931 1152 iis
945 1092 1041 1152 uerbis
1060 1081 1206 1167 discipulis
1221 1075 1297 1171 idem
1307 1107 1362 1154 uo·

189 1195 278 1255 luisse
291 1195 433 1268 iudicare,
449 1193 527 1269 quod
541 1195 621 1268 prius
637 1211 686 1255 eos
700 1201 866 1272 monuerat,
884 1197 946 1271 jum
960 1198 1047 1258 tertio
1062 1197 1120 1258 illis
1134 1197 1314 1273 praecipiens,
1330 1203 1372 1256 ut-

189 1307 288 1361 mutuo
303 1317 335 1360 se
350 1301 517 1375 diligerent,
533 1299 637 1360 deiude
651 1307 684 1361 ut
697 1302 911 1378 recogitarent,
923 1303 1000 1377 quod
1015 1319 1066 1376 cos
1080 1302 1190 1377 absque
1203 1305 1363 1364 corum-rel

190 1405 328 1486 petitione
342 1409 388 1466 uel
402 1409 506 1466 merito
522 1406 651 1481 elegerit.
688 1406 734 1466 Nc
748 1407 837 1482 igitur
852 1407 889 1468 ob
904 1405 1049 1468 Christum
1064 1407 1209 1474 domiuum
1223 1423 1242 1472 a
1255 1405 1362 1468 mundo

189 1515 325 1588 persequi
339 1512 543 1586 detrectarent,
559 1528 623 1574 cum
637 1512 744 1579 sciram
758 1512 795 1573 ab
809 1513 891 1573 initio
910 1513 1009 1574 mundi
1024 1528 1138 1594 semper
1152 1514 1214 1587 pios
1228 1513 1266 1582 ab
1281 1512 1361 1576 adul-

189 1624 254 1678 tero
273 1619 328 1680 hoo
349 1615 455 1677 mundo
475 1618 599 1692 pessime
621 1623 651 1679 et
673 1621 806 1694 acceptos
828 1623 858 1678 et
881 1617 1010 1692 habitos,
1036 1624 1070 1678 ut
1091 1618 1221 1694 exemplo
1237 1622 1305 1677 sunt
1317 1622 1362 1677 tot

189 1723 395 1808 prophetarum
409 1729 516 1783 mortes
531 1729 561 1782 et
574 1722 670 1784 clades
685 1725 807 1799 piorum.
832 1722 911 1784 Dicit
924 1723 1031 1799 itaque,
1040 1726 1072 1788 ,si
1085 1703 1210 1784 mundus
1222 1705 1274 1785 vos
1289 1723 1360 1798 odit,

189 1832 220 1887 et
233 1829 336 1889 vocula
350 1829 456 1902 odium,
471 1829 565 1902 iuquit
578 1829 736 1904 Musculus,
752 1830 944 1904 astopponca
959 1829 1112 1892 dilectioni·
1124 1837 1154 1890 et
1166 1847 1214 1890 res
1228 1828 1361 1904 quaedem

187 1933 413 2008 ferventissima3
430 1936 480 2008 qui
494 1936 582 1996 ulium
596 1943 655 1996 u'ou
669 1951 751 2010 aeque
766 1941 851 2010 amat,
868 1937 892 1994 is
907 1941 1003 1998 umen
1013 1935 1084 1994 nihil
1092 1934 1207 2010 mcliin
1223 1951 1287 1997 curn
1301 1951 1362 1995 mo·

187 2039 258 2100 litur
273 2047 324 2101 aut
339 2044 454 2116 cogitat.
479 2043 583 2118 Atqui
597 2043 672 2118 odit,
693 2043 831 2111 is-omnes
853 2039 940 2100 animi
955 2053 1058 2101 nervos
1072 2041 1104 2102 iu
1115 2041 1172 2100 hoc
1186 2039 1319 2115 intendit,
1335 2041 1361 2099 si

101 2195 104 2202 .
189 2165 256 2224 qua,
272 2165 357 2224 quem
371 2151 440 2213 velit
453 2151 592 2224 periisse,
605 2145 833 2214 'mulonffiocre
848 2145 946 2220 possit.
984 2147 1031 2207 Ne
1045 2152 1140 2208 autem
1163 2145 1361 2207 obOhristum
1436 2199 1439 2206 .

189 2253 256 2314 odio
265 2254 367 2316 haberi
376 2255 506 2329 discipuli
519 2254 649 2314 acerbius
658 2253 729 2328 quid
743 2247 891 2326 ducerent,
909 2250 1040 2312 dominus
1051 2233 1145 2328 addit,
1159 2252 1258 2315 »scitis
1268 2251 1359 2327 quoda

104 2361 113 2376 ‘
188 2376 234 2418 me
250 2362 330 2435 prius
345 2358 412 2419 adio
426 2358 561 2420 habuerit
575 2357 729 2433 muudus«,
738 2357 818 2444 sient
833 2361 870 2417 ct
879 2355 1008 2417 Christus
1030 2358 1102 2418 alias
1118 2357 1191 2418 dixit
1204 2357 1309 2418 Josnn.
1326 2359 1346 2416 ,7
1354 2375 1361 2416 :

86 2544 90 2548 .
191 2463 279 2524 »lion
292 2468 389 2538 potest
399 2463 522 2524 muudus
534 2463 632 2524 odisse
643 2481 704 2540 uos,
718 2479 767 2523 me
782 2468 878 2523 autem
894 2462 963 2538 odit,
975 2463 1025 2538 qui
1039 2462 1232 2550 testimouium
1246 2451 1312 2523 iero
1325 2451 1368 2522 dc'
1417 2487 1419 2491 ’

189 2569 249 2644 iilo,
258 2563 585 2645 quod‘operaejusmala
594 2575 690 2633 suut«
706 2571 974 2645 Voceruutquoque
984 2558 1363 2641 eumSomaritanumetqui

188 2674 331 2737 daemonia
340 2677 757 2751 ejiceretindigitcBeelrebub
768 2676 905 2751 principis
911 2654 1116 2752 demoniorum
1122 2676 1246 2741 olonmt
1253 2678 1314 2735 etc..
1322 2674 1363 2733 Et

178 2776 1149 2861 ‘quanamdacausaitaodiofueritmunduuidelioetobveritatem,
1159 2778 1361 2856 quceprofecto

188 2886 231 2943 illi
240 2886 346 2945 acerba
361 2873 424 2946 ast.x
437 2887 605 2961 Namquod
620 2887 750 2947 Christus
766 2887 895 2961 leprosos
910 2886 1071 2967 mundaret,
1094 2866 1219 2967 {egrotos
1234 2890 1359 2963 sanarat,

188 3003 293 3062 aquam
301 2990 338 3049 in
351 2991 448 3050 uiuum
457 2997 591 3074 mutaret,
606 2999 636 3053 et
651 2992 896 3066 ejusmodiomria
909 2993 1047 3053 musculo
1060 2990 1137 3053 ferre
1145 2998 1312 3079 potuerunt,
1328 3008 1360 3053 se

188 3112 257 3159 vero
266 3097 373 3170 corripi
387 3101 417 3156 at
431 3098 577 3158 cicatrices
588 3098 718 3170 ulcerum
733 3095 864 3158 refricari
878 3103 908 3157 et
922 3098 1090 3169 annuntiari
1104 3098 1264 3173 veritatem,
1275 3098 1360 3157 susti·

188 3216 259 3264 nere
273 3218 331 3262 uon
346 3206 492 3277 poterant,
507 3203 628 3279 perinde
644 3202 772 3264 ochodie
782 3202 1043 3279 evenirevidemus,
1058 3220 1156 3266 omnes
1169 3204 1358 3287 caerimonias,

188 3322 373 3388 quoscunque
388 3310 481 3370 cultus
496 3309 607 3380 divinos
623 3306 871 3383 mundussuffert,
895 3307 973 3381 quod
987 3314 1082 3370 autem
1097 3326 1133 3369 ex
1147 3309 1236 3370 verbo
1251 3310 1359 3383 domini

187 3414 338 3475 veritatem
359 3416 424 3475 illis
436 3416 592 3491 loquimur,
613 3417 668 3476 hoo
687 3430 867 3489 concoquere
889 3412 993 3476 crudus
1016 3414 1115 3479 mnndi
1129 3415 1293 3475 stomachus·
1306 3430 1358 3476 uc·

187 3519 258 3590 quit.
283 3518 463 3579 Sententiam
477 3499 593 3594 quoque
607 3524 637 3579 a'
649 3518 786 3593 Cypriani
801 3519 940 3595 adduxit,
953 3536 1010 3597 qus
1026 3518 1260 3595 demonstrarit,¹
1272 3518 1358 3595 quem

186 3619 271 3680 facilc
284 3605 415 3682 homines
429 3626 535 3684 veritas
551 3622 677 3685 offendat
698 3622 762 3699 (sed
776 3614 839 3685 enm
859 3640 961 3699 capere
985 3622 1043 3684 non
1053 3626 1139 3699 potui
1154 3625 1358 3713 obwstrepitum

185 3731 404 3802 tympanorum,
429 3744 497 3788 uam
516 3729 569 3789 snb
591 3730 734 3810 concionis
755 3732 856 3791 horam
877 3746 990 3803 semper
1009 3730 1072 3791 fere
1087 3730 1227 3808 ejusmodi
1242 3728 1311 3805 quid
1324 3727 1359 3789 iit

187 3829 264 3906 eta).
289 3831 348 3891 Sed
362 3833 440 3894 dicas
454 3832 547 3909 forte,
559 3835 669 3895 durum
685 3841 782 3895 autem
801 3843 846 3897 est
866 3854 884 3896 n
905 3837 1011 3896 mundo
1027 3814 1179 3912 prosequi,
1197 3836 1358 3912 praesertim

186 3951 250 3995 cum
264 3936 336 3996 nihil
349 3940 418 3997 mali
432 3940 550 3999 meritus
566 3942 615 4015 ais,
630 3941 683 4002 sed
696 3947 777 4002 certe
791 3942 874 4001 nimis
891 3942 1006 4025 delicati
1021 3959 1084 4008 esse
1098 3944 1234 4019 velimus,
1248 3942 1275 4001 si
1290 3940 1358 4001 odio

185 4031 287 4125 haberi
301 4045 433 4120 nolimus,
449 4031 637 4121 posteaquem
659 4046 791 4108 dominus
812 4050 874 4122 ipse
890 4052 919 4110 et
934 4050 1061 4115 salvator
1075 4054 1176 4115 noster.
1188 4052 1247 4108 tum
1261 4033 1357 4122 purri-

186 4147 282 4207 cidiali
298 4146 365 4209 odio
379 4168 397 4211 a
411 4153 518 4212 mundo
532 4160 701 4227 prosecutus
714 4152 812 4214 fucrit.
838 4151 933 4213 lium.
942 4159 1038 4235 autern
1053 4153 1190 4231 mundum
1205 4153 1357 4227 dicitrmu

184 4251 238 4311 hos
250 4254 299 4313 uel
311 4254 377 4315 illos
391 4254 530 4336 homines,
545 4275 604 4318 nou
617 4258 694 4317 hunc
704 4258 834 4318 ordinem
848 4263 898 4319 aut
912 4259 998 4317 istum
1012 4264 1127 4334 statum,
1144 4258 1196 4320 scd
1212 4272 1311 4319 omnes
1326 4238 1357 4316 in

184 4358 349 4418 universum
366 4360 495 4439 homiues
514 4362 743 4437 comprehendit,
769 4363 931 4450 quicunque
954 4380 1013 4423 nou
1032 4364 1069 4425 ob
1083 4347 1230 4425 christum
1248 4359 1356 4425 mundo
1383 4428 1385 4431 ,

186 4444 216 4525 et
229 4466 465 4541 oncupiscentia
481 4457 543 4542 cius
557 4467 753 4540 renunciant„
775 4468 845 4531 Vult
854 4468 935 4537 ,enim
950 4466 1090 4555 Christps,
1107 4458 1175 4544 quie
1188 4481 1242 4532 nos
1256 4466 1356 4543 clegit,
