3017 5225
760 413 833 528 m

213 616 308 676 lorum
324 616 354 673 et
368 612 476 687 impetn
492 608 693 681 exundationis
714 594 855 684 aquarum
874 596 1005 684 plaustra
1024 606 1134 684 aliquot
1151 609 1261 669 silicum
1274 620 1330 684 per
1343 610 1395 671 de·

214 731 288 777 vexa
303 719 441 777 montium
454 716 497 775 ita
511 718 542 775 in
555 714 654 790 fruges
668 714 856 775 flavescentes
871 720 1016 790 congesta,
1036 720 1069 773 ιιι
1082 712 1143 774 iere
1157 730 1240 789 seges
1254 721 1395 790 cooperta

213 824 371 885 videretur.
395 821 468 881 Item
481 820 551 881 alibi
564 824 645 881 tanta
656 821 685 881 vi
698 836 816 879 menam
827 821 858 879 iu
868 820 965 880 Salam
978 820 1088 878 invexit
1100 824 1134 879 ut
1148 814 1298 880 subitaneo
1311 826 1394 880 motu

212 929 305 1003 pisces
320 929 400 989 vivos
414 926 445 984 in
460 927 565 984 siccum
587 924 705 984 eliceret
725 940 760 983 ac
773 924 875 983 rustici
887 928 949 998 cJ'us
968 924 1026 984 loci
1046 924 1138 999 pisces
1157 940 1245 983 manu
1265 924 1391 1000 prehen-

212 1032 327 1106 derent,
346 1026 490 1090 referente
508 1028 632 1089 Οιιιιοιιι
647 1028 870 1103 Entuenbergio.
993 1104 997 1107 ῃ
1096 1092 1101 1099 Ι

300 1137 376 1195 llum
390 1134 538 1195 Wimariae
552 1134 584 1191 in
598 1148 665 1193 arce
680 1134 777 1193 ducali
790 1135 866 1193 inter
880 1133 1022 1193 dominam
1032 1148 1151 1193 socrum
1165 1138 1195 1195 et
1210 1122 1394 1195 Guntherum

212 1242 345 1303 comitem
359 1254 446 1315 super
463 1238 530 1299 dote
544 1238 706 1299 Anastmioe
721 1238 820 1298 uxoris
835 1245 942 1299 nosnoe
961 1244 992 1297 ιι
1006 1238 1070 1297 aliis
1090 1252 1179 1299 cansa
1192 1240 1390 1315 recoleretur,

213 1360 363 1406 consessus
384 1344 498 1404 consilii
517 1332 665 1427 ιι11ι1ιι1ι.
704 1326 1018 1418 Primas‘oocupabant
1030 1343 1160 1402 loannes
1174 1342 1340 1404 briderious
1361 1351 1392 1405 ιι

213 1446 340 1515 loannes
359 1448 544 1523 Wilbelmus,
568 1464 634 1507 nam
654 1449 757 1510 tertius
777 1448 900 1509 fratrum
920 1449 1014 1510 adhuc
1034 1449 1209 1508 minorennis
1229 1454 1281 1508 est.
1320 1450 1392 1509 Post

212 1556 265 1617 hos
280 1554 446 1615 Bernardus
461 1548 584 1613 ablilen
598 1569 686 1626 eques
702 1553 802 1614 doctor
817 1554 942 1613 Vocatus
955 1552 1056 1627 Brugk
1070 1554 1175 1629 senior,
1193 1542 1295 1615 doctor
1307 1555 1391 1614 Daie-

212 1660 297 1721 leben
319 1658 438 1732 nobilis,
463 1658 564 1745 doctor
586 1656 759 1731 Blichhard,
788 1658 889 1743 iustus
911 1674 929 1716 a
953 1656 1042 1732 Hayn
1063 1660 1253 1719 wracharius
1274 1660 1389 1736 nobilis,

213 1762 346 1825 Wnlffius
362 1760 503 1824 ablulich
518 1761 635 1836 nobilis,
652 1756 790 1835 magister
804 1761 904 1821 domus
921 1766 950 1821 et
960 1764 1106 1835 juniorum
1125 1766 1287 1843 principum
1307 1767 1391 1839 quasi

212 1868 383 1931 informator
404 1868 516 1927 nobilis.
561 1867 704 1941 Magister
725 1867 897 1949 Franciacus
920 1866 1111 1938 Burckhardi
1127 1871 1389 1945 vicecancellarius,

211 1976 355 2037 ilenricns
369 1970 488 2033 munch
502 1973 695 2033 marschalcus
715 1977 745 2032 et
759 1978 886 2047 questos
905 1969 1026 2034 erarius
1043 1989 1211 2048 supremus,
1235 1975 1312 2049 quod
1327 1972 1391 2033 cifi-

213 2083 288 2142 cimn
302 2087 332 2141 ct
346 2081 399 2141 sub
414 2078 528 2139 seniore
543 2080 666 2139 electore
680 2080 774 2137 tenuit
788 2081 819 2137 et
831 2077 894 2150 ipsc
908 2077 999 2138 nobili
1014 2080 1128 2152 genitus
1144 2082 1299 2153 prosapia·
1314 2080 1390 2140 Dec

212 2192 259 2248 tor
273 2185 406 2247 Basilius.
426 2186 477 2245 Ex
490 2184 632 2273 tutoribus
647 2184 810 2243 Anastasia
820 2182 961 2257 Georgius
969 2184 1111 2241 Einestns
1125 2186 1283 2244 avunculus
1298 2187 1390 2261 ipsius

213 2292 292 2353 solus
306 2288 410 2365 adluit,
431 2306 498 2350 nmo
511 2289 662 2364 Philippus
677 2305 695 2349 a
708 2286 854 2347 Mansield
867 2304 885 2347 ι
899 2288 971 2347 rivis
985 2292 1116 2348 excessit.
1147 2289 1356 2364 ‚sigismundus
1371 2308 1390 2351 a

214 2396 345 2457 Holboch
360 2412 421 2470 prm
436 2396 516 2453 senio
530 2394 576 2453 bis
589 2399 726 2467 pnerest.
751 2393 917 2453 Fridcricns
930 2394 1165 2468 ewangenheim
1175 2395 1298 2455 adversa
1310 2396 1390 2457 valc-

199 2501 315 2561 tudine
329 2498 488 2560 laborabat.
517 2499 544 2557 A
559 2498 684 2559 consiliis
699 2514 769 2559 vero
784 2503 815 2557 et
828 2497 911 2558 verbi
925 2497 983 2557 dux
996 2500 1138 2565 Melchior
1153 2502 1191 2562 ab
1206 2500 1280 2560 Ossa
1292 2502 1389 2576 legum

215 2605 315 2668 doctor
335 2609 365 2666 ct
380 2604 470 2680 judex
491 2605 599 2665 subcus
622 2603 758 2668 Mauricii
781 2602 862 2663 ducis
882 2602 1029 2663 et'Gallus
1047 2590 1191 2673 Biretaeus
1211 2610 1305 2665 erant
1342 2607 1390 2666 Ex

214 2716 298 2789 purte
312 2709 453 2770 Guntheri
474 2710 696 2785 christophorus
718 2709 755 2770 ab
775 2709 960 2783 Entzenberg
974 2714 1113 2784 satrapae
1135 2711 1174 2770 ab
1188 2712 1338 2790 ἦΔιιιίιιιιι
1360 2718 1391 2772 ιι

214 2817 316 2884 doctor
329 2815 520 2890 isembardus,
537 2817 585 2891 qni
600 2833 702 2892 parum
717 2815 819 2890 grane
834 2821 863 2878 et
876 2814 973 2873 laudis
987 2816 1149 2879 mentiendo
1166 2817 1213 2876 vel
1226 2819 1333 2892 potins,
1356 2821 1390 2877 ιιι

215 2921 334 2983 edoctus
349 2928 425 2996 erat,
446 2922 596 2982 mendace
610 2937 642 2982 re
642 2919 762 3023 ferendo
776 2920 854 2995 apud
869 2919 1012 3050 principes
1036 2925 1066 2980 ιι
1079 2922 1257 2985 consiliarios
1272 2923 1389 2982 ducales

215 3029 333 3088 meritus
349 3034 400 3089 est
493 3057 499 3062 ·
1248 3063 1252 3068 -

304 3130 383 3194 Nota
403 3134 439 3193 de
460 3133 536 3192 mille
556 3131 673 3193 florenis
694 3130 773 3190 Gunt
772 3092 844 3191 bero
864 3137 970 3192 mutuo
975 3133 1081 3207 datis,
1093 3138 1130 3193 ιιι
1145 3134 1251 3194 littera
1272 3133 1388 3194 demon·
1497 3118 1500 3123 ’

216 3243 322 3311 chent,
343 3239 410 3298 licet
425 3238 525 3304 doctor
540 3238 659 3316 (inscius
674 3232 813 3311 arbitror)
827 3238 912 3312 hujus
927 3237 1021 3298 debiti
1031 3236 1142 3298 inficias
1155 3239 1221 3298 iret.

304 3345 467 3406 Invitamut
454 3349 545 3404 tnos
567 3343 688 3404 Carolus
715 3341 810 3402 affinis
832 3347 931 3402 noster
949 3349 983 3402 ιι
1001 3342 1077 3402 idem
1097 3344 1186 3404 vidua
1204 3343 1237 3402 in
1254 3339 1389 3415 Rhomdt,

216 3439 283 3509 olim
298 3449 420 3510 loannis
434 3451 545 3509 comitis
560 3465 578 3508 a
593 3448 730 3508 Gleichen
745 3463 829 3511 uxor

141 3629 144 3636 .
233 3629 237 3636 ,
299 3555 415 3615 Eadem
436 3555 552 3628 domina
573 3571 671 3614 socrus
692 3554 877 3642 Anastasiem
898 3556 927 3612 et
914 3553 1119 3613 ιΕιιιιιιΙιιιι
1110 3572 1142 3613 ιιι
1161 3506 1390 3642 concameratum

215 3663 276 3721 sive
297 3657 541 3723 consecratorium
560 3651 741 3720 Rudelstadii
760 3659 932 3733 introduxit,
951 3658 1005 3718 uhi
1024 3660 1183 3718 Eubulus
1170 3676 1269 3735 jussus
1292 3665 1337 3720 est
1354 3677 1391 3743 cx

215 3763 399 3828 inventario
391 3779 422 3822 ιι
436 3760 608 3823 membranis
624 3764 789 3838 conscripto
800 3781 836 3824 ex
847 3763 949 3823 ordine
963 3763 1071 3839 legere,
1086 3778 1155 3838 qnae
1164 3781 1235 3824 vasa
1250 3767 1391 3826 deaurata

216 3875 246 3928 et
261 3871 399 3942 argentea
412 3848 544 3936 ibidem
536 3885 566 3937 ur
580 3866 803 3932 conservatoriis
819 3874 1046 3928 asscrnarentur.
1085 3871 1128 3929 Ac
1144 3871 1257 3946 singula
1271 3875 1305 3929 ut
1319 3870 1391 3930 reci·

216 3970 354 4036 labamur
368 3974 485 4034 inventa
504 3979 580 4033 sunt.
618 3973 707 4034 Dedit
720 3978 817 4034 autem
835 3991 934 4035 socrus
949 3991 986 4033 ιι
1005 3990 1040 4034 eo
1053 3975 1262 4050 reconditorio,
1286 3976 1317 4034 in
1332 3992 1390 4050 qno

217 4080 347 4157 supellex
367 4085 505 4155 argentea
525 4081 581 4154 ipsi
601 4060 696 4139 socrui
710 4079 756 4138 vel
771 4079 847 4139 dono
865 4079 947 4153 duta,
968 4078 1015 4139 vel
1029 4096 1066 4138 ιι
1079 4081 1199 4154 proprio
1213 4070 1280 4155 post
1293 4082 1392 4140 mariti

217 4175 327 4244 obitum
349 4183 486 4260 conflata3
509 4189 586 4261 erat,
617 4183 779 4244 Anastasius
796 4187 902 4267 eiatum
921 4183 1148 4261 justiponderis
1170 4160 1268 4244 medio*
1286 4185 1393 4254 violam

207 4279 360 4371 ‘referente
374 4299 409 4349 ac
423 4290 600 4364 deauratum.
630 4291 745 4366 Eubulo
760 4305 829 4349 vcro
845 4282 1014 4362 cantharum
1035 4294 1204 4363 argenteum
1219 4305 1255 4349 ιι
1269 4296 1392 4364 argento

215 4412 291 4471 puro
312 4395 350 4454 ad
370 4396 462 4454 instar
481 4390 612 4454 fimbrias
622 4393 692 4469 ligni
713 4392 883 4455 deauratum
902 4410 977 4469 pene
995 4396 1225 4483 sesquiquartam
1239 4399 1272 4454 ιιι
1285 4401 1393 4456 vocant

216 4497 316 4574 liquidi
338 4496 481 4574 montom.
517 4499 620 4560 Vestes
642 4487 756 4574 quoque
776 4498 906 4560 Aemihoe
927 4499 965 4559 ad
982 4501 1099 4578 naphas
1121 4506 1242 4576 paratas
1257 4499 1392 4561 vidimus.
