3017 5225
750 429 816 498 164

197 614 418 689 mcttepismpi,
441 611 599 685 Henricum
619 612 749 673 multem
769 611 972 703 aLouningeu
986 615 1017 672 et
1030 611 1215 679 wilhelmum
1224 615 1371 689 juniorem

195 719 422 794 avdtgcnstcin
436 723 469 778 ot
482 733 573 779 otene
587 721 695 779 nostra
710 719 851 781 interesse
865 718 1053 792 dignarentur
1067 720 1177 795 rogavi.
1229 785 1237 793 ,
1296 731 1299 734 ·

284 825 432 888 Litorium
447 823 548 886 fritillo
562 825 709 886 ludentem
723 825 909 900 interrogavi,
926 824 994 885 dnm
1009 829 1170 902 opportune
1185 826 1216 885 in
1230 826 1295 886 aloa
1309 831 1370 886 tres

193 937 277 993 notas
292 937 371 995 stare
384 932 510 1007 diceret,
535 947 604 1003 num
617 931 662 990 his
677 937 827 992 contentus
843 935 928 1004 esset,
949 945 1018 990 nam
1032 930 1095 994 heri
1109 931 1249 1005 gloriatus
1264 929 1320 992 luit
1333 933 1370 992 dc

192 1038 286 1099 tritus
295 1040 386 1112 equis.
402 1036 513 1098 Eadem
522 1037 628 1112 hospes
639 1043 770 1098 nostara
782 1035 1163 1110 nundinisliorlingensibus
1171 1053 1305 1098 reversus
1315 1043 1368 1103 est.

283 1144 385 1204 comm
400 1161 419 1204 a
432 1143 548 1203 Nasson
569 1145 612 1203 ait
631 1143 878 1219 archiepiscopum
892 1143 970 1204 bona
993 1141 1086 1204 adhuc
1100 1143 1244 1233 polliceri,
1269 1159 1370 1222 uerum

195 1250 375 1312 mlicitando
388 1250 568 1311 obruendum
583 1266 641 1310 non
655 1266 729 1311 osse.

282 1355 926 1433 Eodemqutnqneinsigntopeditnmutmore
934 1353 1096 1430 germanico
1105 1351 1231 1430 loono),
1240 1355 1305 1428 que
1311 1369 1367 1414 cse-

194 1465 253 1523 sari
262 1465 383 1538 iamper
391 1462 463 1523 duos
475 1464 604 1537 iutegms
613 1477 704 1522 annos
713 1461 857 1537 stipendio
870 1465 1043 1545 meruerant,
1051 1475 1152 1518 rursus
1161 1460 1310 1520 inmenses
1316 1475 1368 1519 sex

189 1571 334 1643 iurarunt.
350 1568 509 1642 Aprcudr'o
519 1567 709 1630 Etodorffium
719 1569 750 1627 in
763 1567 864 1627 hortos
875 1565 1150 1628 amoenissimosViti
1157 1564 1277 1626 Wittich
1287 1564 1366 1627 duxi.

281 1673 478 1749 Landtgravia
500 1681 600 1735 noctes
618 1680 680 1734 tres
701 1671 781 1749 apud
803 1672 961 1746 principem
976 1671 1110 1732 maritum
1123 1677 1298 1732 commorata
1312 1677 1366 1730 est.

192 1778 239 1840 lle
259 1779 443 1856 landtgratia
457 1780 635 1841 detractores
656 1785 685 1839 et
699 1758 855 1854 nugivendi
876 1793 1021 1839 rumorem
1036 1781 1212 1851 sparserunt,
1229 1793 1293 1838 eam
1307 1777 1368 1837 Au·

193 1890 285 1961 gusta
300 1888 535 1961 comessationes,
559 1886 672 1960 repotia
691 1901 746 1946 neo
766 1899 824 1944 non
847 1890 876 1944 et
896 1885 1016 1958 choreas
1030 1899 1131 1958 agere3
1155 1883 1207 1944 sed
1226 1884 1307 1944 novit
1321 1884 1366 1943 in·

193 1996 308 2065 spector
322 1992 453 2052 cordium
468 1997 498 2051 et
512 2009 571 2052 non
585 1994 680 2067 pauci,
697 2007 783 2067 quam
797 1990 890 2052 luctus
906 1988 1023 2050 delicias
1037 1988 1198 2063 prohibeat.

281 2096 424 2171 Porpauoi
438 2094 575 2158 Germani
593 2100 654 2172 jam
672 2097 857 2158 considerant
877 2112 963 2169 quom
983 2096 1106 2172 papistse
1121 2094 1216 2154 animo
1230 2093 1365 2168 gestiant,

191 2203 293 2264 urbem
300 2202 469 2278 Augustam,
486 2219 522 2263 ex
537 2220 596 2279 qus
609 2204 732 2278 primum
746 2199 887 2262 confessio
902 2205 935 2260 ut
945 2206 1049 2262 vocent
1063 2198 1283 2276 protestantium
1296 2213 1365 2272 pro·

192 2308 260 2383 duit,
281 2309 335 2369 sub
356 2309 551 2370 dominatione
569 2308 773 2370 nefandissimo
792 2311 981 2383 tyrannorum
1000 2305 1196 2368 Romanorum
1214 2319 1291 2366 nunc
1304 2303 1367 2379 pal·

192 2414 333 2488 pitantem
347 2431 443 2489 agere.
1182 2399 1184 2407 ⁸

280 2518 391 2578 Eadem
405 2519 558 2579 Othonem
577 2525 608 2580 et
621 2521 776 2582 Ernestum
794 2517 899 2581 naues
922 2535 1073 2598 gemenas
1087 2519 1295 2595 montepiscopi
1310 2515 1366 2596 do·

193 2624 345 2701 loniensis,
371 2624 557 2686 wilhelmum
577 2629 709 2688 comitem
730 2644 749 2686 c
768 2627 979 2713 Witgenstein‚
1004 2627 1163 2687 Martinam
1176 2626 1315 2688 beronem
1329 2621 1366 2684 de

192 2730 333 2807 Bolheim,
348 2732 487 2792 baronem
502 2732 539 2793 da
553 2731 820 2809 Schwartzenburg,
836 2732 980 2793 Didonem
995 2733 1031 2794 de
1045 2733 1265 2808 Kniephausem.
1275 2732 1366 2791 Joan·

179 2854 257 2897 nem
277 2838 408 2897 comitem
430 2838 626 2913 aRcthbcrg,
651 2838 837 2899 Ohmadum
861 2840 935 2901 Foss
955 2840 991 2901 de
1005 2838 1160 2914 Devoldla,
1184 2838 1367 2899 llbomuma

191 2932 422 3003 Mainohhansen
440 2948 471 3002 et
484 2943 522 3002 N.
537 2938 695 3018 Massgrsl,
714 2944 753 3003 N.
770 2960 826 3004 von
841 2944 893 3004 der
906 2928 1011 3021 Horst,
1035 2947 1204 3021 magistrum
1219 2944 1364 3005 Sebastia-

191 3058 259 3107 num
275 3045 441 3130 Glaserum,
465 3046 610 3107 dominum
629 3047 793 3124 Philippum
814 3066 891 3111 vonn
913 3051 965 3111 der
978 3051 1117 3126 Brugken
1136 3057 1166 3111 et
1180 3050 1366 3115 sectantum.

192 3154 336 3227 quendam
350 3150 523 3214 marchionis
543 3156 677 3217 electoris
691 3153 839 3231 Eubulus,
862 3155 1013 3232 Philippus
1036 3163 1066 3217 et
1080 3148 1195 3217 Samuel
1209 3153 1365 3228 Waldeciae

192 3260 311 3321 comites
325 3261 456 3339 copvivio
471 3264 657 3337 exceperunt.
1047 3272 1051 3279 '
1186 3262 1192 3281 ‘

222 3369 238 3454 1'
279 3367 340 3443 xiiij
357 3368 438 3427 Jonii
457 3368 585 3429 loannes
606 3368 748 3428 Henrions
767 3368 798 3427 in
816 3369 923 3447 templo
944 3366 1075 3429 Mauritii
1095 3384 1131 3427 ex
1149 3384 1212 3444 cap.
1229 3369 1281 3427 χ14
1303 3366 1364 3441 epi·

191 3473 272 3533 stolae
292 3472 332 3532 ad
345 3474 491 3533 Romanos
513 3480 680 3547 sequentem
695 3472 723 3532 d.
739 3473 824 3533 Pauli
848 3475 1020 3535 sententiam
1046 3474 1188 3557 exposuit:
1215 3473 1282 3532 »Tu
1296 3487 1365 3533 vero

190 3578 242 3634 cdr
261 3576 375 3650 jndices
393 3569 513 3636 fratrem
536 3576 638 3637 tuum?
676 3557 844 3637 lutetiam
862 3584 895 3639 tu
918 3570 969 3639 cnr
990 3578 1112 3655 despicis
1123 3577 1246 3657 ,fratrem
1260 3575 1364 3639 munt

190 3680 294 3741 Omnes
310 3682 386 3740 enim
400 3686 560 3741 statuemur
574 3681 653 3757 apud
671 3683 798 3744 tribunal
814 3684 935 3761 Christi,
959 3687 1096 3761 scriptum
1118 3690 1162 3745 est
1183 3685 1272 3745 enim:
1299 3685 1365 3746 vito

189 3801 253 3859 ego,
269 3786 339 3847 dicit
355 3786 495 3863 dominns,
514 3786 584 3847 mihi
599 3803 663 3847 sese
676 3786 774 3851 flectet
787 3806 871 3851 omne
886 3806 963 3865 genu
984 3796 1014 3851 et
1028 3792 1119 3851 omnis
1133 3792 1232 3866 lingua
1245 3787 1363 3850 confite-

188 3891 268 3951 bitur
276 3891 348 3953 Deo.
373 3890 465 3968 Igitur
479 3910 553 3954 unus
569 3897 690 3969 quisque
704 3903 835 3957 nostrum
850 3896 885 3957 de
901 3913 932 3956 sc
946 3877 1011 3974 ipso
1025 3899 1166 3958 rationem
1181 3894 1284 3957 reddet
1290 3893 1363 3969 Dec,

189 4013 225 4055 ue
238 3992 357 4070 posthac
365 3996 454 4075 igitur
463 4001 536 4061 udus
545 4002 833 4076 aliumJudicemns.‹
857 4002 950 4077 Igitur
959 4003 1100 4079 principio
1110 4003 1191 4079 dixit,
1207 4016 1265 4077 quo
1279 4003 1365 4074 pacto

189 4099 297 4161 Paulus
311 4103 386 4163 hanc
404 4104 640 4180 disceptationem
660 4106 691 4165 in
713 4108 834 4167 ecelesia
848 4090 979 4168 Romana
1000 4124 1036 4168 ex
1050 4108 1162 4168 Jndaeis'
1177 4105 1363 4181 agentibus,

187 4211 221 4265 ut
232 4207 293 4280 jam
308 4210 413 4283 sepius
426 4208 609 4285 dictumest,
634 4212 799 4286 collatam,
825 4228 883 4273 non
903 4213 939 4273 de
954 4212 1083 4275 articulis
1102 4210 1185 4288 fidei,
1210 4211 1262 4273 sed
1277 4210 1313 4270 dc
1327 4202 1364 4271 iis

186 4309 254 4384 'queo
269 4313 330 4371 sine
344 4319 464 4388 peccato
485 4318 532 4375 vel
554 4315 646 4374 omitti
663 4316 712 4375 vel
725 4314 790 4375 lieri
810 4321 961 4394 poterant,
977 4318 1231 4381 tollere-voluerit
1251 4316 1362 4377 *Primo

187 4414 323 4476 Judaeum
337 4420 496 4495 corripiens
510 4421 569 4480 aitz‘
579 4419 626 4480 'lu
639 4436 760 4483 nerone
770 4421 884 4496 judices
898 4420 1018 4486 tratrem
1026 4424 1122 4503 (qumi
1137 4418 1259 4498 dicut)si
1272 4420 1361 4482 liber·

185 4526 232 4583 tes
246 4523 426 4587 conscientiae
436 4525 500 4588 'tibi
520 4525 625 4589 suadet
642 4526 793 4591 comedere
816 4544 852 4591 ea
866 4544 931 4605 quac
954 4530 985 4591 in
998 4530 1063 4607 lege
1078 4529 1242 4593 eommunia
1252 4543 1359 4594 vocam
