3017 5225
780 446 827 513 42

216 634 392 711 jentaculum
407 608 602 707 smpsimus,
621 644 685 691 cum
712 629 959 717 missoecaesurste
980 626 1120 689 interesse
1139 626 1228 689 vellet
1248 632 1279 691 et
1299 627 1397 687 archi·

218 741 385 817 episcopum
399 738 598 801 coloniensem
612 733 735 811 prandio
751 738 923 806 excepturus
938 724 1023 807 ess'et,
1031 756 1036 766 ·
1044 748 1111 793 sum
1125 747 1184 807 quo
1198 736 1229 794 et
1243 731 1280 793 dc
1293 720 1397 793 nosma

218 859 306 905 eausa
319 850 437 906 aetum
452 847 524 904 erut.

305 948 470 1023 Aprandio
493 945 599 1008 mames
620 952 653 1007 ct
675 960 729 1020 ego
745 932 809 1005 ‘uua
833 943 914 1003 urbis
931 944 1040 1004 moenia
1059 943 1302 1019 obequitarimus,
1327 961 1395 1005 nam

220 1054 337 1117 Samuel
351 1053 431 1128 apud
445 1054 578 1114 comitem
592 1048 778 1112 wilhelmum
792 1063 915 1123 pransus
929 1053 982 1109 cst.

305 1160 417 1221 Eadem
431 1157 569 1217 tumultus
584 1153 769 1215 militarisad
783 1152 905 1213 macella
919 1159 1037 1214 exorem
1053 1158 1107 1215 est.
1145 1153 1221 1215 Nam
1235 1152 1302 1213 dum
1317 1154 1396 1213 Iberi

219 1266 369 1327 Germanis
378 1263 643 1337 carnesproeripere
653 1262 776 1333 tenant,
785 1258 1278 1319 lanionechrmanisauxillofiunt
1293 1260 1395 1320 Utriu-

218 1388 274 1447 que
294 1375 325 1430 ct
344 1373 463 1443 accepta
483 1373 514 1429 et
534 1366 604 1427 data
624 1369 691 1425 sunt
706 1365 826 1423 uulnera
833 1363 994 1438 ‚Germani
1013 1370 1110 1425 tamen
1128 1362 1198 1425 iacti
1219 1364 1395 1439 superiores.

217 1474 296 1537 Iberi
310 1476 422 1549 aliquot
436 1474 475 1534 ad
484 1475 605 1533 mortem
613 1484 703 1543 usque
713 1470 833 1531 sauciati
847 1484 909 1529 esse
925 1469 1068 1530 dicuntur

303 1579 418 1641 Eadem
432 1592 484 1652 per
498 1576 649 1637 Nicolaum
667 1572 781 1635 Gallum
796 1572 1018 1635 Monusterieusi
1037 1590 1057 1633 a
1070 1572 1191 1647 pedibus
1212 1574 1264 1634 ad
1272 1573 1397 1634 cundem

217 1686 372 1762 presulem
381 1682 613 1758 perscripsimus.

305 1787 430 1849 Volebat
453 1792 483 1849 et
502 1786 638 1855 Hoieueis
659 1784 831 1879 secretarius
854 1783 956 1845 eadem
969 1782 1101 1858 Augusta
1115 1782 1274 1859 discedere,
1290 1782 1343 1843 sed
1356 1784 1397 1845 ob

220 1894 415 1956 morositatem
431 1891 634 1953 examinatoris
648 1890 766 1950 testium
780 1894 942 1949 remoratus
956 1895 1054 1949 est

307 1999 355 2060 Ad
375 1999 505 2071 quintam
525 1998 555 2056 in
578 1995 703 2069 hospitio
727 1996 840 2056 comitis
860 1992 1006 2055 wilhelmi
1027 1990 1181 2069 adfuimus,
1202 1975 1252 2055 ubi
1272 1994 1341 2057 dum
1364 1995 1396 2054 in

218 2107 304 2167 horto
324 2118 423 2165 mensa
444 2103 583 2163 sternitur
602 2105 711 2175 praeter
731 2099 959 2174 expectationem
978 2098 1089 2160 comitis
1112 2115 1218 2159 uenere
1239 2116 1335 2161 comm
1356 2100 1396 2161 ab

216 2212 373 2273 Eberstein
387 2206 479 2269 irater
501 2206 604 2267 Luscae
620 2211 649 2266 et
667 2204 743 2265 filius
759 2196 833 2277 ejus(
841 2220 936 2263 comes
951 2221 969 2265 a
983 2203 1152 2265 Wertheim'
1162 2205 1262 2266 omaus
1275 2204 1352 2265 filius
1366 2211 1396 2265 et

218 2316 375 2378 avunculus
401 2318 509 2375 noster.
548 2313 620 2371 Item
636 2311 736 2382 junior
760 2307 797 2369 de
812 2305 1002 2384 Papenlreim,
1022 2309 1193 2371 Franciscus
1209 2309 1393 2370 conradusa

222 2420 391 2495 Sickingcn,
415 2416 556 2492 Georgius
572 2414 662 2490 Spedt
677 2420 706 2475 et
720 2414 796 2473 alter
810 2412 912 2487 Spedt,
933 2415 1003 2475 item
1023 2414 1154 2475 dominus
1174 2416 1211 2477 de
1229 2416 1391 2491 Zeltlugen,

218 2525 353 2587 Ausinius
368 2529 398 2585 et
412 2523 521 2598 audeus
537 2520 726 2594 imperatoris,
745 2517 865 2579 Carolus
880 2534 899 2578 a
914 2518 1065 2594 Stockeun,
1086 2519 1240 2594 praefectus
1254 2521 1285 2581 in
1299 2520 1390 2583 Weil·

218 2631 302 2707 burg,
319 2629 349 2690 et
362 2630 445 2688 Vitas
459 2626 632 2699 Vclbrugge
649 2629 781 2697 suuapas
795 2625 826 2682 iu
841 2624 982 2685 Vianden.
1121 2676 1126 2682 .

307 2735 379 2794 Risu
393 2732 522 2807 dignum,
548 2726 625 2804 quod
645 2729 712 2790 dum
732 2728 831 2790 Caesar
848 2745 903 2804 per
916 2729 1049 2794 Rhenum
1068 2731 1183 2805 mugio
1197 2737 1296 2792 vectus
1310 2731 1390 2790 Nan·

207 2815 343 2944 3stadium
356 2836 534 2912 praeterlegis
547 2839 578 2894 et
592 2833 742 2894 Conrtdus
762 2833 935 2894 Franciscus
953 2852 972 2895 s
987 2834 1142 2910 Sicldngen
1162 2836 1256 2909 ipsum
1269 2834 1391 2909 prandio

220 2947 352 3018 excipere
367 2942 462 3018 uellet,
478 2946 507 2999 et
522 2941 677 2998 matutinas
695 2938 784 3000 horas
797 2955 866 3011 ,cum
880 2941 981 3000 salicis
1000 2940 1119 3015 aliquot,
1139 2943 1190 3014 qui
1211 2946 1280 3002 unte
1294 2940 1390 3002 Gaesa-

218 3065 280 3110 rem
302 3063 337 3108 eo
356 3046 582 3120 adnavigarent,
613 3043 764 3104 liberalius
787 3049 918 3116 potasset
935 3060 971 3104 ac
990 3046 1086 3106 subito
1109 3045 1233 3107 Caesaris
1248 3046 1389 3108 mventus

218 3153 261 3214 illi
275 3153 469 3226 nuntiaretur,
484 3166 609 3210 necnon
624 3147 766 3208 Gaesarem
781 3150 1058 3212 rectaNanstsdium
1072 3153 1390 3228 praeternauigaturum.

218 3259 283 3318 Hoc
302 3260 406 3318 nuncio
422 3253 592 3319 chunradus
608 3250 778 3314 Franciscus
792 3259 911 3330 accepto
922 3253 1054 3330 ,fesdnus
1076 3255 1115 3318 ed
1132 3257 1247 3331 navigia
1268 3256 1391 3322 Cetaria

219 3368 365 3441 properat,
387 3378 473 3436 quam
492 3359 649 3420 humillime
673 3364 771 3433 potest
785 3358 946 3425 Caesaream
960 3363 1139 3435 majestatem
1155 3378 1192 3422 ne
1206 3361 1284 3435 apud
1297 3362 1391 3434 ipsum

218 3469 362 3546 prandere
377 3471 592 3543 aspernaretur,
610 3464 780 3538 deprecatus
794 3470 847 3524 est.
886 3466 925 3526 At
940 3465 1047 3542 Caesar,
1070 3467 1252 3542 gravioribus
1271 3482 1391 3540 oocupa-

213 3579 275 3648 .tus,
289 3574 325 3658 id
335 3589 366 3632 se
380 3571 464 3632 modo
478 3570 574 3631 faeere
589 3585 674 3644 posse
689 3570 791 3632 abnuit
804 3586 839 3630 ac
852 3570 1038 3634 humanitatis
1052 3573 1287 3646 ergoFrancisco
1293 3571 1389 3633 cnun-

218 3680 290 3742 rado
306 3659 454 3740 dexteram
478 3673 611 3750 praebuit.
650 3676 803 3759 siclingcn
818 3677 907 3750 igitur
921 3677 989 3739 uiuo
1003 3682 1130 3737 amorem
1142 3679 1268 3753 jungens
1282 3676 1389 3738 Geesari

219 3799 335 3844 manum
355 3783 455 3852 durius
474 3781 587 3855 premit.
634 3780 749 3842 Caesare
771 3783 892 3846 volente·
909 3782 1057 3842 dexteram
1081 3785 1232 3844 retrahere
1255 3799 1291 3842 ac
1310 3784 1390 3846 abire

219 3889 335 3960 conanti
358 3886 510 3962 Sicldngen
530 3884 632 3946 fortius
651 3877 772 3962 premit,
795 3904 913 3961 sperans
933 3904 965 3948 se
988 3904 1073 3961 posse
1093 3887 1228 3961 precibus
1246 3887 1391 3972 Gesarm

218 3996 354 4056 retinere.
392 3992 432 4052 Et
454 4007 517 4052 cum
537 3991 580 4078 sic
593 3992 770 4064 aliquamdiu
788 3992 866 4054 inter
887 3991 941 4052 hos
961 3999 1120 4070 pugnatum
1134 3999 1212 4056 esset
1225 4009 1259 4054 ac
1272 3993 1391 4061 tandem

219 4099 317 4160 Oaesur
332 4104 493 4174 susceptum
508 4099 564 4158 iter
579 4105 819 4173 prosequeretur,
840 4097 938 4158 cesar
952 4099 1129 4175 principibus
1148 4093 1251 4174 postea
1264 4113 1389 4170 conque

218 4211 280 4266 stus
305 4209 361 4279 est,
387 4221 418 4264 se
441 4221 477 4264 ex
500 4205 648 4278 pressione
670 4220 772 4264 manus
791 4204 830 4264 ob
850 4203 1058 4279 chiragram'et
1076 4205 1234 4280 podagram
1248 4203 1391 4264 euenor

217 4291 356 4374 maximos
370 4311 522 4384 pertulisse
538 4315 568 4370 et
577 4315 678 4372 tumen
693 4325 751 4370 non
766 4309 894 4382 potuisse
909 4309 1063 4384 Sickingcu
1077 4309 1259 4384 pudeiatere.
1295 4307 1391 4382 Hujus

215 4417 275 4492 joci
291 4421 320 4475 et
335 4415 432 4476 Oaesur
454 4416 516 4489 ipse
535 4421 565 4474 et
579 4415 751 4476 Franciscus
766 4413 937 4478 Ghumadus
955 4422 1063 4490 preter
1082 4402 1180 4488 plures
1194 4421 1224 4478 et
1237 4415 1348 4476 auritos
1361 4421 1392 4476 et

221 4523 349 4586 sedatos
364 4525 452 4587 testes
467 4525 609 4594 martyres
623 4523 713 4582 sunt..
