3017 5225
704 448 748 515 le

224 629 335 692 lladem
349 631 380 690 in
394 628 518 704 hospitio
533 632 716 693 coenermm
739 628 812 691 Gum
826 628 997 693 coloniense
1010 632 1081 693 nihil
1095 633 1144 709 agi
1158 633 1260 708 potuit.

226 734 379 797 Odcmine
393 735 486 811 Deus,
510 737 562 811 qui
575 737 652 799 solus
672 737 802 811 sapiens,
825 737 904 798 solus
923 741 1040 813 potens,
1063 736 1165 815 frange
1186 736 1314 799 furorem

135 842 325 917 unicornium,
345 841 384 902 de
396 838 454 901 fide
468 845 498 901 et
512 838 631 903 ferendo
646 843 741 904 omnia
756 859 894 917 superare
908 860 961 918 per
975 844 1076 905 lesum
1091 843 1245 919 Christum
1260 842 1313 905 do·

137 948 245 1009 minum
259 948 401 1009 nostrum!

224 1051 394 1114 wilhelmus
415 1051 512 1126 junior
534 1066 628 1113 comes
651 1052 688 1113 de
709 1052 903 1129 Witgensteiu
925 1070 1080 1129 persuasus
1103 1070 1122 1117 a
1143 1052 1313 1117 Reinhardo

134 1157 238 1217 comite
260 1172 279 1217 a
298 1157 390 1218 Solms
412 1172 444 1216 se
465 1156 560 1231 ipsum
578 1154 718 1231 Augustae
740 1159 772 1218 in
793 1173 916 1219 nassem·
930 1160 1033 1233 mittit,
1056 1161 1187 1221 nesciens
1205 1141 1314 1219 nomen

133 1278 216 1322 snum
229 1263 261 1322 in
275 1262 437 1337 catalogum
452 1277 565 1336 eorum,
587 1276 658 1336 quos
673 1262 847 1325 rebellantes
865 1262 932 1326 fidei
948 1270 978 1325 et
988 1266 1110 1339 justitie
1125 1282 1179 1341 pro
1193 1264 1311 1327 rebelli·

134 1369 188 1429 bue
202 1366 325 1442 ducunt,
341 1367 526 1443 adscriptum.

221 1472 315 1533 Missa
329 1478 375 1535 est
387 1472 466 1533 basis
480 1472 580 1534 salutis
596 1478 713 1548 uostrae,
730 1474 755 1533 si
768 1476 826 1534 rito
840 1473 1011 1552 celebretur,
1027 1492 1096 1538 nam
1110 1476 1142 1535 in
1156 1491 1193 1537 ea
1206 1474 1310 1550 accipi·

132 1594 195 1639 mus
214 1576 245 1639 id
266 1578 343 1653 quod
366 1578 496 1639 dominus
510 1578 596 1639 lesus
616 1579 699 1640 nobis
718 1580 865 1655 promisit,
886 1579 962 1656 quod
985 1580 1043 1664 lide
1063 1580 1312 1658 apprehendentes

132 1684 220 1745 vitem
234 1684 436 1758 consequimur
456 1684 667 1758 sempiternam.
706 1684 760 1744 ilis
779 1685 876 1746 verbis
891 1686 938 1747 W.
956 1685 988 1748 (l.
1012 1685 1081 1747 dum
1095 1686 1212 1760 quidam
1225 1684 1313 1746 aulici

131 1787 249 1849 semidei
263 1803 370 1850 mensae
385 1805 445 1849 suae
460 1789 620 1852 assidentes
635 1792 866 1867 quernlerentur,
881 1794 973 1855 multa
987 1795 1116 1855 enormia
1130 1792 1266 1853 auosuis
1280 1791 1312 1849 in
1370 1813 1372 1817 ’

132 1910 198 1955 suas
212 1896 315 1955 missae
327 1896 445 1969 jactari,
467 1897 693 1971 perstringentes
706 1894 717 1933 ¹
740 1897 900 1957 Martinam
914 1898 1070 1959 Frecbtum
1084 1899 1178 1959 Ulmee
1192 1902 1223 1959 et
1237 1895 1311 1955 alios

131 2000 240 2075 eleuet
258 2002 498 2076 perstringentes,
521 2002 569 2061 ille
590 2001 746 2061 crabrones
768 2003 886 2064 irritare
904 2004 1020 2079 nolens,
1042 2002 1159 2064 olinlmu
1172 2003 1247 2062 hauc
1260 2000 1330 2062 01)--

128 2105 213 2181 jecit,
236 2122 295 2167 non
308 2111 367 2167 tem
382 2122 440 2180 quc
456 2104 574 2167 Cerberi
588 2106 707 2167 buccam
726 2107 871 2182 impleret,
893 2124 980 2182 quem
1000 2124 1058 2183 quo
1077 2109 1126 2185 pic
1147 2107 1212 2169 dolo
1232 2105 1311 2166 istud

131 2226 222 2285 genus
236 2211 382 2272 hominum
396 2213 433 2274 ab
449 2212 588 2286 ejusmodi
603 2212 751 2273 edumniis
767 2219 911 2275 avocaret.
942 2214 1095 2275 Nemeum
1108 2213 1134 2273 is
1149 2213 1260 2273 diceret
1273 2210 1310 2271 de

130 2324 211 2381 recto
225 2319 320 2379 misse
334 2334 404 2391 neu,
425 2320 467 2379 illi
481 2319 622 2396 (utparvi
636 2318 706 2393 ipsis
721 2317 755 2378 fit
768 2317 875 2396 pietas)
894 2318 932 2381 ad
947 2320 1005 2380 alia
1019 2334 1167 2379 sermones
1180 2320 1305 2377 uertunt.

45 2405 48 2410 ¹
219 2424 268 2498 xvj
283 2424 390 2497 Aprilis
405 2423 546 2483 Melchicr
566 2422 644 2498 apud
661 2423 881 2485 Atrebatensem
902 2441 956 2501 pre
974 2440 1114 2499 response
1134 2423 1307 2498 sollicitauit,

130 2545 226 2592 comes
241 2545 355 2604 quoque
369 2529 539 2589 wilhelmus
556 2526 733 2605 coloniensis
752 2528 907 2603 hospitium
927 2532 1008 2604 petit.
1046 2529 1088 2591 At
1107 2530 1257 2606 episcopus
1272 2544 1309 2588 ex

130 2636 267 2698 hesterna
281 2638 428 2712 potatione
444 2635 567 2698 debilior
581 2638 656 2697 lecto
671 2636 766 2696 adhuc
781 2636 918 2698 haerebat.

219 2741 344 2817 Eadem,
375 2743 511 2816 quoniam
538 2742 599 2805 dies
622 2741 737 2802 termini
763 2745 827 2800 crat
852 2741 883 2800 in
905 2740 1040 2801 mandato
1067 2741 1212 2802 citationis
1239 2757 1306 2801 cou-

130 2849 271 2924 scriptus,
295 2839 443 2908 consilium
465 2847 586 2922 petitum
608 2863 626 2905 e
647 2845 763 2906 dominc
787 2843 824 2911 de
846 2845 977 2922 Nessau,
1007 2846 1143 2921 quidnam
1163 2845 1307 2923 agendum

130 2951 214 3014 ieret
253 2954 283 3012 Is
303 2969 355 3014 nos
373 2952 557 3014 adducturos
571 2949 780 3025 Merquardum
794 2955 825 3009 et
838 2950 937 3012 Heseu
951 2951 1081 3012 remittit.
1120 2952 1160 3011 Hi
1174 2950 1259 3014 ambo
1273 2967 1306 3012 se

130 3057 213 3118 nobis
234 3055 333 3118 faciles
355 3058 556 3132 praebuerunt,
581 3058 708 3118 dicenoes
732 3057 840 3130 optime
862 3055 1129 3130 erchiriacum,
1153 3056 1230 3132 guod
1253 3073 1307 3118 uos

129 3162 268 3235 ipsosmet
280 3161 440 3236 Augustam
456 3162 674 3236 contulerimus,
691 3165 722 3220 et
735 3177 869 3236 sperare,
889 3161 921 3221 id
935 3162 1018 3223 uobis
1031 3163 1064 3221 in
1077 3161 1179 3222 melius
1193 3160 1305 3237 cedere,

131 3270 206 3327 etse
222 3266 370 3329 archiduci
383 3272 413 3326 et
426 3268 538 3327 ceteris
552 3267 724 3329 consiliariis
738 3269 868 3326 nostram
881 3267 1066 3341 praesentiam
1079 3266 1207 3327 indicare
1220 3266 1304 3342 velle,

130 3386 187 3445 qno
208 3374 301 3433 nostri
322 3372 401 3448 apud
424 3371 645 3434 Atrebateneem
667 3387 832 3446 supremum
858 3370 1059 3432 cancellarium
1081 3371 1122 3433 bii
1142 3371 1306 3432 meminisse

129 3475 233 3550 velint,
249 3491 285 3538 ec
298 3478 323 3536 is
338 3475 374 3537 de
389 3477 514 3540 odventu
528 3483 628 3540 nosho
643 3477 749 3538 certior
763 3474 855 3536 fieret.

218 3577 383 3655 Requisitus
405 3587 451 3643 est
467 3598 581 3658 queque
595 3599 614 3644 a
629 3582 711 3644 uobis
725 3581 829 3643 doctor
843 3579 963 3642 Carolus
977 3580 1069 3645 Harst
1083 3579 1222 3642 clivensis
1237 3594 1304 3640 con·

130 3684 270 3761 siliarius,
286 3687 332 3748 cui
345 3687 476 3748 uoluntas
490 3685 573 3748 nobis
587 3687 763 3752 inserviendi
777 3703 836 3748 nou
851 3684 956 3761 defuit,
976 3685 1030 3746 sed
1043 3685 1153 3747 calculo
1168 3689 1305 3748 enecatus

131 3789 215 3853 domo
230 3791 346 3865 prodire
361 3809 420 3852 non
433 3793 535 3867 potnit.
834 3863 836 3866 Α

217 3895 360 3972 Magister
370 3896 505 3958 Liberius
517 3895 621 3958 Florus
635 3896 754 3970 syndico
765 3896 934 3972 Augustam
952 3896 1063 3958 doctori
1074 3898 1195 3959 Nicolao
1210 3895 1304 3956 Maier

130 3999 345 4062 heresiarche
352 4000 470 4064 Gobleri
480 4002 617 4077 exhibuit,
629 4003 716 4076 quise
724 4001 808 4064 nobis
819 4002 858 4063 ad
869 4003 965 4063 omnia
975 4008 1108 4078 paratum
1119 4000 1182 4062 fore
1190 4001 1303 4062 obtulit.

218 4106 359 4168 Doctores
379 4106 510 4182 ciebant,
534 4106 605 4168 nibil
619 4107 740 4185 periculi
759 4106 822 4166 iore
842 4106 918 4182 quod
938 4111 1095 4183 presentes
1114 4105 1255 4180 adsimus,
1278 4103 1304 4164 si
1376 4182 1378 4187 Ι

131 4224 187 4275 uon
201 4226 402 4274 accusaremur
415 4229 434 4274 a
448 4213 571 4289 presule
586 4211 766 4275 Coloniense.

218 4316 327 4397 Doctor
336 4317 416 4380 Herc
425 4317 544 4380 liborio
558 4319 692 4394 injunxit,
708 4323 742 4378 nt
754 4317 795 4380 ad
807 4332 914 4380 nouam
927 4317 959 4378 in
972 4317 1037 4380 loeo
1051 4315 1163 4379 consilii
1176 4312 1302 4378 merset

707 4453 724 4491 e
949 4484 951 4487 .

203 4541 217 4592 l
235 4540 442 4610 perstringentes
460 4555 494 4594 ru
511 4539 603 4610 tilgen.
639 4540 682 4596 W.
701 4537 730 4592 0.
749 4540 787 4594 ist
804 4539 876 4594 wohl
892 4538 955 4609 grai
969 4536 1087 4594 Wclrnd.
