3017 5225
691 452 774 520 x‘ace

283 637 287 641 ’
359 634 475 689 Barbara
492 632 583 683 mitris
601 635 658 683 erat
674 636 773 683 nomen·
786 630 920 699 patrisque
938 630 1067 697 Georges.
1106 641 1110 645 ’

395 722 448 773 Hie
466 720 535 771 rexit
553 720 664 787 Mysios,
682 720 837 772 Sauromata
853 716 903 769 illa
921 718 978 767 init
1185 701 1190 710 ⁸

252 846 254 851 .
358 808 476 875 Pignora
493 822 603 875 eumque
620 807 710 859 decem
727 807 872 874 peperisset
889 804 969 857 chara
986 806 1088 868 marito,

371 896 449 975 *Qum
466 911 558 947 sexum
576 911 682 946 numero
702 894 859 947 distribuere
877 896 944 961 pari,
1030 880 1032 885 ’

359 982 432 1049 sape
452 998 526 1034 suum
546 982 657 1049 supplex
675 988 778 1033 tentans
792 997 918 1034 revocare
936 980 1065 1043 maritum,

394 1071 477 1135 Quem
496 1077 541 1148 tua
559 1072 698 1139 captivum,
711 1070 820 1134 Garole,
838 1075 941 1137 secptra
957 1074 1055 1119 tenent.
1107 1110 1112 1113 ⁴

361 1160 397 1211 Ut
414 1160 482 1213 nihil
502 1160 589 1214 effecit
607 1160 729 1227 praeibas
747 1158 910 1225 multumque
926 1156 1054 1224 rogando,

395 1248 425 1298 In
445 1246 564 1299 morbum
581 1246 687 1298 rediens
707 1246 802 1297 incidit
821 1246 870 1297 illa
887 1260 1004 1312 gravem.
1176 1303 1179 1307 ,

214 1329 217 1335 “
325 1370 329 1375 -
359 1334 428 1386 Orsa
445 1336 527 1403 phtisi
546 1336 618 1387 lenta
635 1340 780 1401 moestoque
797 1330 927 1385 'exhausta
944 1332 1035 1386 labore
1145 1332 1149 1335 ’

394 1422 465 1475 Mors
483 1424 560 1490 rapit,
579 1424 613 1474 ad
631 1422 727 1473 eoelum
746 1436 821 1473 mena
839 1423 884 1489 pia
902 1421 986 1487 carpit
1002 1420 1058 1470 iter.

239 1519 323 1579 Anno
353 1516 508 1579 salutiferae
529 1516 732 1590 redemptionis
760 1518 866 1590 ncsmae
885 1514 1131 1587 sesquimillesimo
1156 1515 1316 1589 quadrage·

151 1624 221 1683 simo
250 1641 326 1683 nono
347 1624 377 1683 in
391 1623 526 1684 nundinis
552 1619 763 1680 autumnalibus
782 1617 967 1679 Franeofnti
989 1617 1027 1678 ad
1040 1619 1171 1679 Moenum
1185 1621 1319 1679 vicesima

151 1727 319 1802 septembris
334 1744 388 1802 per
400 1728 543 1787 loannem
558 1726 683 1786 Nellium
698 1724 781 1788 nobis
796 1742 815 1785 a
829 1724 947 1785 secretis
962 1723 1158 1783 etAdrianum
1172 1725 1319 1784 cZertzen

150 1833 278 1907 nothum,
293 1830 460 1906 praelectum
475 1831 549 1889 arcis
563 1834 670 1889 uostrae
683 1826 833 1901 Waldeck,
848 1830 992 1904 receptori
1006 1846 1057 1888 seu
1072 1830 1208 1903 quaestori
1224 1831 1319 1889 aerarii

150 1938 342 2012 imperatoriae
357 1936 515 2011 malestatis
530 1952 583 2009 per
596 1933 749 1994 inferiores
765 1933 946 2008 Germanias,
974 1931 1066 1994 Wolff
1076 1933 1177 1993 Haller
1195 1935 1233 1995 ab
1247 1935 1318 1993 Hal·

149 2042 269 2101 lerstein
284 2046 407 2117 quatuor
421 2040 511 2100 millia
523 2028 698 2100 florenorum
713 2043 813 2098 nostro
827 2038 941 2097 nomine
956 2045 1153 2098 numerarunt.
1183 2038 1259 2097 Nam
1272 2022 1319 2097 bic
1411 2022 1418 2033 ⁸

151 2153 215 2207 erat
234 2147 349 2206 ultimus
369 2146 507 2206 terminus
530 2150 594 2227 octo
617 2144 739 2203 millium
760 2125 1093 2215 florenorumsolvendi,
1125 2158 1196 2215 quos
1218 2144 1319 2202 caesam

151 2252 255 2312 Garolo
271 2252 371 2323 quinto
384 2236 416 2308 in
430 2249 565 2309 mulctam
580 2248 618 2326 (si
632 2247 685 2307 diis
700 2245 807 2322 placet)
822 2243 1000 2321 in'Augusta
1010 2246 1224 2306 Vindelicorum
1242 2265 1318 2308 anno

152 2358 209 2417 dni.
219 2356 304 2431 1548
313 2355 446 2414 vicesima
454 2354 546 2428 prima
551 2352 570 2413 J
571 2354 631 2427 unii
640 2369 693 2411 noa
703 2352 822 2412 daturos
832 2351 962 2425 stipulati
971 2366 1094 2424 eramus,
1103 2352 1200 2423 sicque
1213 2368 1318 2427 magno

151 2466 250 2522 nostro
261 2464 480 2531 nostrorumque
487 2460 554 2519 licet
564 2456 722 2533 dispendio,
732 2462 766 2517 ut
774 2457 814 2531 id,
825 2458 903 2533 qnod
911 2456 1012 2515 eadem
1019 2456 1082 2529 ipsa
1090 2456 1136 2516 die
1144 2458 1317 2532 scripserim,

151 2567 272 2626 scilicet:
297 2564 371 2638 »Qui
386 2562 466 2625 dedit
480 2566 577 2638 vitam,
593 2563 674 2624 dabit
689 2567 719 2623 et
732 2562 915 2637 pecuniam«,
930 2560 1116 2634 adimpletum
1130 2555 1183 2637 sit,'
1200 2569 1319 2635 speranss

150 2678 195 2731 tes
210 2673 300 2745 igitur
320 2670 440 2730 ulterius
461 2669 499 2730 de
510 2685 603 2728 amana
622 2669 745 2742 domiui,
767 2669 849 2742 cujus
863 2666 1225 2755 benedictio‘sqladivitea
1239 2664 1317 2740 facit,

151 2776 236 2835 deum
256 2779 369 2847 patrem
384 2774 528 2834 coelestem
543 2789 607 2832 oum
621 2769 680 2833 filio
696 2773 759 2846 ejus
772 2771 937 2846 benedicto,
961 2757 1077 2855 dominc
1099 2773 1129 2828 et
1142 2769 1318 2843 redemptori

149 2885 250 2939 nostro
265 2877 541 2957 resumentem
556 2883 622 2937 ets.
637 2876 739 2952 spiritu
754 2875 904 2935 laudamus
919 2882 949 2936 et
961 2875 1156 2935 benedicimus
1176 2873 1208 2931 in
1222 2873 1319 2932 secula

150 2983 319 3043 secrdcrum.
357 2983 490 3042 Pecuniae
505 2987 601 3044 autem
615 2981 788 3057 supradicte
802 2983 911 3054 primus
924 2979 1068 3042 solvendae
1083 2979 1222 3039 terminus
1235 2979 1318 3039 nobis

152 3085 348 3148 ad'nundinas
370 3083 617 3148 francofordianas
636 3088 705 3156 anni
724 3086 831 3146 domini
853 3086 938 3144 1548
966 3083 1090 3144 indictus
1105 3089 1177 3159 eret,
1202 3090 1231 3145 et
1244 3085 1319 3144 alter

151 3192 187 3253 ad
206 3193 349 3252 nundinas
367 3191 547 3252 autumnales
560 3192 646 3265 hujns
661 3192 738 3251 anni.
775 3190 822 3250 Ne
843 3195 938 3250 autem
953 3206 972 3248 a
985 3191 1109 3265 posteris
1123 3191 1320 3250 incusaremu'r

151 3302 262 3356 tantam
274 3286 459 3370 pecuniarum
473 3298 540 3374 vim,
563 3297 697 3355 nimirum
711 3301 776 3356 octo
789 3295 852 3354 haec
866 3295 956 3353 millia
970 3299 1001 3353 et
1015 3295 1071 3355 duo
1086 3295 1185 3370 millia,
1209 3313 1273 3372 quae
1288 3282 1318 3355 in
1340 3289 1344 3294 ’

151 3402 272 3461 comitiis
288 3400 464 3476 Augustanis
480 3407 509 3462 et
523 3402 596 3462 alias
610 3402 640 3459 in
654 3402 710 3462 hac
728 3417 760 3458 re
774 3401 935 3474 insumpta,
956 3415 1010 3458 nec
1024 3415 1083 3458 non
1098 3415 1162 3472 quae
1177 3405 1319 3472 praeterea

151 3505 237 3578 hujus
252 3505 437 3565 corradendae
453 3507 582 3581 pecuniae
598 3506 692 3580 matie
707 3519 834 3578 expensa
848 3510 924 3576 sunt,
939 3505 970 3563 in
984 3502 1184 3579 helluationes',
1198 3520 1318 3565 veneres

151 3616 203 3670 aut
216 3611 309 3672 aleam
323 3611 519 3685 insumpsisse,
534 3609 582 3670 hic
595 3611 739 3671 ascribere
753 3609 869 3683 placuit,
885 3608 962 3685 quod
971 3610 1064 3684 prima
1078 3625 1196 3684 summa,
1212 3610 1319 3669 scilicet

152 3703 275 3788 quatuor
303 3717 393 3774 millia
419 3713 606 3787 florenorum,
637 3715 746 3787 majore
775 3729 811 3772 ex
831 3720 914 3785 parte
933 3730 970 3773 ex
999 3713 1066 3774 dote
1089 3717 1191 3774 uxoria
1218 3714 1317 3789 faerit,

152 3821 294 3893 posterior
315 3820 429 3878 nonnisi
450 3819 615 3904 quindecies
635 3815 748 3879 centum
767 3835 804 3878 ex
811 3804 947 3878 subditis
965 3819 1051 3892 bujm
1072 3820 1198 3892 regionis
1213 3819 1319 3878 contri·

152 3925 221 3986 buta
240 3925 310 3996 sint,
333 3912 446 3997 reliqua
466 3927 557 3985 omnis
579 3928 677 3983 mutuo
698 3929 728 3983 et
746 3940 811 3983 cum
824 3916 988 3982 reddituum
1006 3938 1133 3982 meorum
1148 3923 1319 3996 oppignora-

151 4031 231 4089 tione
246 4034 394 4088 contracta
409 4034 462 4104 est,
478 4044 642 4105 quanquam
657 4045 696 4088 aes
711 4029 837 4088 alienum
850 4028 938 4103 longe
956 4044 1059 4086 cenans
1078 4033 1193 4086 nostros
1207 4043 1318 4086 annuos

152 4138 277 4208 superet
301 4133 458 4212 Exemplar
468 4138 563 4192 eutem
573 4133 743 4207 litterarum,
760 4137 915 4208 ntvocant,
930 4133 1136 4206 quitantiarum
1150 4132 1189 4192 ad
1202 4110 1319 4192 archiva

152 4242 268 4298 senatus
283 4236 471 4298 Ocrbecensis
485 4239 587 4313 reponi
598 4239 742 4312 J'ussimus.
777 4239 878 4296 Testes
894 4243 989 4297 autem
1002 4237 1088 4310 hujus
1100 4235 1251 4311 tragoediae
1265 4238 1317 4296 ba·

137 4334 250 4401 'bemus
267 4341 351 4401 deum
365 4357 464 4402 verum
479 4347 509 4401 et
523 4343 627 4417 vivum,
644 4344 694 4418 qui
708 4358 762 4401 nec
775 4339 850 4402 fallit
863 4340 986 4402 necfalli
995 4346 1100 4417 potest,
1116 4342 1318 4402 conscientiam

151 4445 250 4507 laetam
263 4451 293 4505 et
307 4445 427 4506 eandem
441 4445 595 4515 multorum
609 4447 721 4520 piorum
734 4447 864 4507 virorum
876 4447 932 4506 hoc
944 4447 1105 4506 miserrimc
1119 4462 1181 4506 aevo
1196 4432 1318 4504 commu·

147 4558 219 4610 ‘nem
232 4547 385 4612 fortunam.
404 4540 557 4626 ‘signamur
572 4550 713 4614 Waldeck
727 4534 776 4614 die
788 4551 864 4612 luna
878 4556 946 4627 post
959 4535 1092 4611 uacum
1105 4549 1237 4623 apostoli.
