3017 5225
692 451 757 522 lau

130 637 279 704 voluntate
299 616 440 696 affatum.
468 639 499 721 ιι
518 639 543 696 si
565 655 619 711 pro
633 640 800 713 ignorantia
821 645 872 698 aut
893 637 930 698 ob
947 637 1106 698 ruditatem
1128 654 1185 696 non
1200 639 1305 714 emnia,

131 752 196 815 quae
211 742 491 818 preceperitherus,
515 741 552 802 ad
572 747 707 803 amussim
726 749 894 818 exequatur,
918 749 1013 802 ιιιιιιι
1033 727 1110 801 hunc
1130 731 1188 806 uon
1210 744 1313 802 statim.

130 847 220 905 herus
235 845 320 906 domo
341 847 456 920 ejiciens
475 846 679 923 profligaturus
700 857 754 922 est,
778 855 829 908 aut
850 849 1023 909 concitatior·
1038 847 1068 906 iu
1090 835 1153 907 eum
1173 844 1237 921 erit,
1262 850 1305 908 ni·

130 953 236 1010 mirum
250 952 343 1014 secus
363 953 442 1035 quot
461 970 520 1013 nou
541 941 676 1030 studium,
700 934 752 1015 sod
773 955 893 1014 scientia
911 954 952 1012 illi
973 951 1104 1024 deluerit,
1128 954 1218 1012 multa
1239 967 1305 1012 coa-

131 1055 223 1114 donat
244 1061 274 1125 et
295 1072 360 1115 eum
382 1055 483 1116 suffert
505 1064 559 1118 otc.
597 1054 782 1134 Invigilemus
802 1060 896 1134 igitur,
911 1065 944 1118 ut
963 1060 994 1118 iu
1016 1065 1134 1133 recepta
1156 1057 1306 1134 ιιιιιιιιοιι

131 1144 395 1232 ιιιιιιιιιιιιιίι
413 1179 466 1222 uos
486 1165 517 1221 in
536 1164 667 1224 custodia
685 1170 894 1240 praceptorum
917 1181 1108 1239 exerceamus,
1131 1162 1209 1237 quod
1223 1161 1306 1224 nobis

46 1301 50 1311 ·
131 1263 230 1343 faveat
244 1265 324 1326 Deus
338 1271 422 1341 pater
436 1285 489 1347 per
504 1268 648 1330 Christum
667 1269 766 1330 filium.
791 1271 898 1355 *Amen

175 1423 179 1429 .
205 1371 296 1432 'Ante
311 1357 572 1434 concionem'iutra
594 1376 611 1433 5
632 1381 662 1435 et
684 1369 802 1436 evenit
820 1377 956 1456 magister
977 1374 1137 1449 Glascrus,
1149 1374 1242 1449 quiin
1257 1389 1323 1432 co·-

120 1471 221 1535 'mitiis
241 1476 417 1552 Augustanis
439 1480 514 1538 vices
533 1481 708 1553 principum,
731 1481 865 1540 comitum
887 1487 916 1540 et
940 1480 1118 1542 dominorum
1140 1479 1307 1538 Henneber·

131 1583 262 1656 gencium
284 1567 416 1658 gerebat,
440 1585 486 1642 cui
505 1563 562 1657 quo
585 1585 616 1643 in
635 1586 752 1645 cardine
772 1603 819 1646 res
839 1591 946 1645 nostra
968 1575 1153 1645 versarentur
1175 1585 1307 1657 exposui·

130 1703 204 1767 mus,
221 1687 343 1750 eundem
357 1693 492 1762 rogantes
507 1695 540 1748 ut
554 1684 698 1753 Staculum
713 1709 731 1750 a
744 1679 886 1776 Schleheu
899 1691 995 1752 adiret
1010 1690 1209 1764 expiscaturus
1224 1687 1306 1761 quici-

131 1809 199 1851 nam
220 1793 251 1851 iu
271 1809 360 1860 causa
380 1799 482 1856 nostra
503 1810 556 1867 per
579 1795 732 1854 electorem
755 1775 1039 1870 Braudeburgcnsem
1063 1793 1170 1854 iactum
1194 1793 1304 1852 fuisset

121 1896 189 1969 Qui
203 1899 256 1956 suh
269 1898 422 1993 prandium
434 1903 583 1958 revomens
598 1900 640 1960 ait
653 1892 789 1959 humanit
772 1907 817 1959 ter
831 1915 862 1959 se
878 1917 896 1959 a
911 1900 1026 1960 Staculo
1049 1881 1196 1973 acceptum
1215 1898 1304 1956 huuc·

131 2016 188 2076 que
203 1987 318 2062 dedisse
332 2001 427 2078 fidem,
450 2020 482 2062 se
496 2004 597 2062 scdulo
612 2006 690 2077 apud
705 2006 857 2065 electorem
874 2020 955 2063 suum
970 2005 1178 2078 instaremus,
1202 2009 1234 2062 ut
1249 2019 1306 2062 una

131 2124 196 2166 cum
216 2108 386 2168 consiliariis
406 2093 486 2167 ducis
505 2109 638 2168 Mauricii
654 2105 952 2192 Branocnhurgeuses
972 2101 1025 2181 pro
1046 2109 1128 2168 nohis
1147 2107 1305 2167 intercede-

131 2218 210 2286 rent,
234 2214 281 2272 vel
303 2215 329 2271 si
351 2212 409 2272 dux
429 2213 588 2272 Mauricius
611 2215 782 2274 consiliariis
807 2215 867 2273 suis
888 2213 1026 2287 Augustae
1049 2213 1155 2272 relictis
1177 2209 1247 2270 nihil
1270 2212 1306 2271 cie

131 2317 185 2377 hac
204 2335 237 2377 re
256 2317 424 2394 injunxerit,
447 2337 479 2378 se
499 2319 633 2379 daturum
653 2335 770 2393 operam
791 2324 823 2378 ut
844 2319 969 2379 marchio
994 2319 1101 2378 elector
1122 2319 1199 2378 solus
1218 2317 1306 2376 iuter·

131 2425 257 2484 cederet.
1158 2435 1161 2444 ·

160 2529 325 2615 Ριιιιιι
339 2532 406 2587 sbut
420 2530 567 2619 nobiscum
582 2530 658 2593 idom
672 2530 814 2604 magister
837 2531 1022 2590 Sebastianus
1043 2534 1073 2588 et
1091 2529 1305 2603 Kuiephauseu.

222 2634 334 2693 Eadem
348 2639 415 2693 ante
430 2652 536 2694 nonam
550 2631 804 2723 antemeridianam
818 2635 924 2697 fratres
939 2642 968 2696 et
988 2653 1050 2710 ego,
1074 2636 1218 2708 Liborius,
1244 2632 1307 2691 Ool-

130 2740 282 2813 hacherus,
303 2716 432 2812 Lyudius
448 2746 503 2799 etc.
518 2743 595 2799 intra
609 2717 771 2821 cubiculum
786 2740 984 2801 Anebaceusis
999 2737 1102 2813 uocati,
1124 2739 1195 2799 uhi
1187 2756 1216 2797 ιι
1231 2752 1305 2810 prae·

131 2847 227 2905 senus
241 2844 389 2905 doctorum
405 2845 484 2904 Seldi
498 2851 528 2905 et
541 2846 629 2919 Viqlii
644 2848 780 2926 magister
795 2846 899 2907 Florus
919 2845 1119 2918 responsiones
1141 2849 1170 2901 ct
1191 2842 1305 2925 petitio·

131 2965 183 3009 nes
198 2954 315 3008 nostras
328 2951 445 3023 praesuli
459 2953 600 3025 exposuit,
624 2952 676 3010 sed
690 2946 753 3010 oum
769 2930 840 3010 munit
827 2956 888 3010 tum
908 2949 1014 3023 diuque
1033 2950 1101 3008 hinc
1116 2953 1145 3007 et
1160 2948 1226 3007 inde
1241 2964 1305 3007 ιιι
1394 3012 1397 3017 r

130 3054 175 3139 his
197 3055 362 3114 altrioatum
383 3061 459 3114 esset
479 3056 542 3132 (sed
561 3059 657 3117 omnia
678 3074 706 3131 q
729 3056 861 3130 precario
881 3050 1012 3129 agentes)
1026 3055 1099 3114 tales
1115 3054 1230 3114 tandem
1245 3054 1305 3114 abi-

131 3162 236 3234 vimus,
258 3161 357 3234 quales
368 3161 510 3234 venimus,
533 3178 599 3220 nam
614 3160 650 3219 de
665 3162 720 3221 diis
735 3159 926 3244 periculosum
942 3164 986 3218 est
973 3156 1055 3218 tiari
1075 3164 1167 3217 etc.

168 3264 333 3326 Eadem
354 3263 520 3326 Galacteum
542 3265 580 3324 ad
601 3265 688 3325 licent
688 3267 776 3325 iatum
805 3264 954 3324 Nicolaum
980 3263 1073 3322 Μιιιι
1096 3257 1223 3323 mulsimus
1253 3279 1307 3335 pro

133 3370 269 3455 consilio,
293 3371 343 3443 qui
357 3386 471 3444 quoque
486 3386 656 3444 responsum
670 3370 838 3455 reportavit

222 3477 371 3535 lutereant
385 3490 496 3549 omues,
521 3475 576 3549 qui
584 3474 700 3533 iuterim
714 3473 788 3534 illud
802 3490 838 3533 ex
852 3459 938 3531 corde
953 3466 1206 3544 amplectuntur.
1210 3514 1212 3521 .

135 3583 144 3590 “
221 3578 270 3662 Ad
287 3578 440 3641 secundm
459 3578 682 3651 pomeridianam
702 3579 783 3639 verbi
802 3578 925 3641 ministri
947 3582 976 3637 et
994 3576 1125 3637 consules
1146 3562 1226 3636 urbis
1245 3574 1306 3634 Au-

132 3692 224 3760 gusta
240 3684 407 3771 cougregati
422 3690 498 3743 sunt.
528 3680 650 3744 Domine
665 3685 738 3744 hene
753 3700 924 3759 prosperare
940 3675 970 3742 et
984 3700 1021 3743 ne
1036 3681 1086 3741 des
1100 3682 1193 3740 locum
1209 3697 1307 3772 super·

133 3792 177 3851 bis
192 3790 246 3849 ιι
237 3790 366 3876 umpiis.
631 3798 635 3804 “

222 3893 333 3953 Eadem
348 3894 483 3954 Carolum
497 3912 516 3954 a
529 3894 674 3958 Stoclreim
694 3894 867 3995 satrapam
859 3912 889 3953 m
904 3892 1053 4017 Weilburg
1074 3897 1104 3951 et
1122 3891 1250 3967 Usingen
1270 3887 1327 3951 ad.

133 4000 268 4059 comitem
281 4016 363 4059 suum
378 3993 441 4059 heri
455 4001 560 4060 abiisse
575 4000 771 4074 comperimus.
1133 4020 1139 4025 ·

54 4180 58 4185 ,
223 4095 334 4164 Eadem
348 4104 484 4165 Liberius
499 4106 536 4165 ob
550 4105 742 4164 ualetudinem
763 4110 796 4163 ut
813 4106 916 4163 missus
935 4104 1046 4176 aliquot
1067 4119 1085 4162 a
1100 4102 1194 4160 culina
1208 4106 1308 4159 nostra

133 4211 174 4282 illi
195 4203 386 4306 mitterentur,
410 4225 472 4282 quo
487 4209 627 4271 medicum
647 4214 676 4269 et
694 4210 961 4284 pharmacopolam,
986 4224 1108 4311 quorum
1129 4216 1220 4280 opera
1238 4220 1308 4265 usus
1348 4231 1356 4243 =

58 4307 62 4314 ’
133 4323 211 4389 erat,
235 4316 365 4377 convivio
381 4316 514 4387 excipere
529 4317 639 4388 posset,
663 4314 786 4394 rogavit

182 4418 380 4478 Consilium
395 4419 516 4478 Joarrnis
531 4418 629 4477 fratris
644 4420 735 4478 nostri
757 4425 833 4493 erat,
852 4424 992 4490 utopera
1014 4418 1119 4478 domini
1136 4417 1171 4475 de
1187 4414 1264 4486 Lyre
1280 4416 1308 4469 et

134 4524 237 4598 Busae,
262 4525 311 4597 qui
325 4542 383 4583 uon
398 4530 539 4583 exuemus
554 4521 632 4596 apud
646 4524 848 4597 imperatorem
862 4502 962 4581 ιιιιιι
978 4522 1120 4595 dicuntur,
1145 4520 1217 4583 alter
1233 4518 1308 4575 euim
