3017 5225
757 392 825 459 208

192 573 335 638 ‘roseum
359 573 396 637 de
418 574 500 636 nobie
520 574 607 636 hodie
631 573 830 648 quotidianum
852 549 973 649 eumque
992 556 1106 637 Doride
1128 591 1213 637 seruo
1226 581 1278 638 tuo
1293 576 1384 652 sdjn·

204 687 292 741 vente
304 694 359 743 noe
374 680 477 755 spiritu
493 685 591 741 saneto
607 685 657 739 tuo
672 680 871 754 inclamamus,
895 698 932 741 ne
946 680 1060 742 auferes
1074 682 1194 767 verbum
1214 681 1334 742 aeorde
1349 689 1383 742 et
1486 713 1487 716 ι

205 802 256 847 ere
270 803 344 847 meo.
367 786 423 861 En,
439 786 642 860 benignissime
656 789 748 859 pater,
761 784 846 857 jussu
859 784 911 845 lilii
925 788 968 845 tui
983 788 1116 861 potimus,
1132 802 1191 845 non
1205 785 1289 846 dabis
1303 787 1379 859 lapi-

205 891 268 951 dem
283 891 446 967 petentibus
461 907 573 965 panem,
590 906 708 965 panem,
724 895 823 965 peter,
839 892 951 972 enimse.
977 891 1081 965 -quue
1094 898 1125 952 te
1138 882 1327 966 deprecamur
1341 892 1381 951 ob

205 1012 285 1071 eum,
306 998 336 1055 in
356 1012 414 1070 quo
434 1014 487 1057 nos
516 1002 583 1057 ante
603 975 847 1058 constitutienem..
861 994 957 1055 muudi
981 995 1120 1072 dilexisti,
1149 998 1267 1057 unicum
1287 996 1381 1056 tilium

204 1107 294 1177 tuum,
311 1103 455 1179 dominum
471 1103 708 1163 nostrumlesum
724 1100 878 1175 Christum,
895 1102 1053 1176 oritorum
1068 1102 1138 1162 vivit
1152 1108 1183 1162 et
1195 1107 1301 1175 regnat
1314 1118 1382 1160 eum

204 1213 304 1269 saneto
319 1208 423 1281 spiritu
437 1208 468 1266 in
483 1208 579 1267 seculo
593 1207 763 1267 seculorum.
786 1197 887 1267 Amen.

291 1312 401 1373 Eodem
416 1311 754 1387 ltetlrborgiussWerda
768 1311 849 1371 abiit.
873 1310 1057 1371 cuonradum
1065 1298 1234 1373 Galaeteum
1244 1312 1382 1372 eschen·

204 1418 283 1478 stedt
295 1416 486 1492 Noribergem
501 1417 671 1490 remisimus,
685 1422 720 1477 nt
734 1416 856 1491 videret,
876 1434 944 1477 num
958 1416 1182 1500 christophorus
1195 1418 1307 1477 Feurer
1321 1416 1378 1477 ibi·

202 1523 269 1584 dem
283 1527 368 1583 esset.
407 1523 482 1582 Nem
502 1521 540 1583 ad
554 1514 707 1581 Matthiem
722 1522 817 1581 Muler
840 1527 870 1583 et
884 1522 1007 1581 Paulum
1020 1520 1260 1598 Huudertpiundt
1275 1521 1377 1597 Augu·

203 1633 278 1689 stam
292 1628 406 1697 mittere
420 1628 513 1687 minus
528 1627 688 1687 consultum
703 1626 865 1687 videbatur.
941 1623 944 1626 ’
1060 1655 1063 1664 =

288 1730 442 1792 -Proieetus
464 1736 508 1791 est
527 1737 557 1791 et
575 1730 661 1792 hodie
680 1731 748 1791 hine
771 1732 888 1806 qnidam
912 1734 1022 1793 aulicus
1048 1748 1084 1792 ex
1104 1732 1379 1806 Henneuberpeueis

203 1838 340 1915 principis
362 1838 485 1913 tamdia,
515 1838 563 1912 qui
591 1839 760 1914 magistrum
785 1837 936 1899 Glasernm
961 1836 1133 1899 redueturus
1156 1843 1228 1897 eret.
1265 1837 1378 1899 Eadem

204 1944 348 2005 Adrienus
364 1943 400 2004 eb
415 1943 546 2019 Augusta
568 1945 685 2003 veniens
706 1944 820 2013 litteras
839 1944 950 2003 Liborii
969 1944 1082 2019 attulit,
1104 1948 1135 2003 et
1147 1942 1224 2032 idern
1239 1944 1378 2003 hesterno

204 2050 391 2111 menendum
407 2048 583 2125 Augusteuis
598 2049 934 2137 conciones'interdietas
948 2064 1012 2109 esse
1026 2048 1134 2108 retulit.
1172 2048 1294 2107 Fratres
1309 2047 1376 2109 (lol-

203 2157 318 2219 beoheri
332 2156 406 2216 male
425 2171 490 2213 eum
505 2154 618 2216 domina
633 2172 758 2216 noverea
772 2154 954 2215 conveniunt.
1004 2152 1105 2229 Eoum
1119 2153 1241 2214 Adriani
1254 2151 1377 2215 thaleris

202 2268 315 2339 septem
330 2262 467 2321 constitit.
822 2244 824 2250 ¹

292 2354 427 2442 Aeieptis
441 2366 528 2441 igitur
549 2365 586 2425 ab
600 2364 730 2425 Adriano
753 2365 859 2425 litteris
881 2370 912 2425 et
930 2366 1011 2439 equis
1031 2366 1168 2441 ephippio
1182 2366 1330 2440 imponere
1345 2370 1376 2425 et

200 2472 375 2555 jentaculum
390 2486 496 2530 mensa
512 2486 657 2543 apponere
672 2470 826 2557 jussimus,
851 2470 1010 2531 Mertinum
1025 2470 1184 2545 Cursarem,
1200 2472 1250 2545 qui
1264 2470 1374 2543 alioqui

203 2578 340 2640 mondeto
354 2576 538 2652 magistratus
553 2582 722 2640 tamennon
744 2578 869 2636 omnium
884 2577 1020 2639 mendeto
1034 2594 1054 2638 a
1067 2577 1157 2638 saeris
1176 2576 1307 2653 recalet,
1323 2592 1374 2637 so·

175 2733 178 2738 -
203 2661 357 2750 terrentes.
381 2685 526 2744 Martinus
541 2687 571 2743 et
584 2698 639 2757 ego
654 2685 852 2756 convenimus,
872 2689 906 2742 ut
924 2683 949 2741 si
964 2684 1009 2742 sui
1022 2684 1206 2770 magistratus
1221 2684 1251 2742 in
1266 2698 1374 2758 propo·

204 2792 260 2854 sito
275 2795 436 2864 mererent,
459 2806 511 2849 nos
527 2788 676 2862 inviseret,
699 2789 915 2864 exploraturus,
936 2804 1004 2846 num
1023 2788 1053 2850 in
1068 2804 1104 2848 ea
1116 2788 1235 2862 regione
1250 2801 1375 2871 eommo-

203 2898 263 2957 reri
279 2897 395 2974 poterit.
434 2895 574 2955 Theleros
589 2897 710 2966 quatuor
726 2893 755 2950 in
770 2893 905 2952 uiaticum
919 2892 1064 2967 dedimus,
1084 2900 1122 2953 ao¹
1132 2893 1206 2955 bene
1219 2892 1263 2952 illi
1275 2907 1311 2951 ao
1323 2891 1375 2951 ho-

195 3000 270 3075 spiti
284 3003 436 3075 precantes
459 2999 515 3058 iter
530 2996 785 3072 Weissenbmgum
800 2999 986 3072 suscepimus.
1022 2999 1095 3057 Item
1113 2999 1221 3073 hospiti
1243 3014 1309 3071 quse
1322 2995 1374 3057 Li-

203 3106 299 3180 bono,
321 3107 437 3183 quinos
457 3102 662 3164 subsecuturus
682 3107 772 3176 esset,
788 3102 904 3162 diceretx
910 3103 1031 3177 injunxi.
1068 3103 1122 3164 llle
1135 3120 1236 3164 rursus
1249 3104 1374 3178 regerit,

203 3219 236 3273 nt
249 3212 355 3287 hospiti
369 3212 399 3270 in
415 3209 639 3282 weissenburgo
653 3207 778 3267 dicerem
792 3207 976 3270 Leonardum
990 3209 1190 3272 Vidmerckter
1208 3209 1247 3269 ed
1260 3194 1375 3283 insigne

203 3321 294 3381 leonis
309 3319 390 3380 eurei
406 3317 531 3378 erastino
547 3315 593 3375 rel
605 3313 747 3388 perendie
767 3330 831 3374 eum
853 3314 975 3390 pecunia
992 3331 1047 3390 pro
1067 3315 1136 3374 leun
1157 3316 1375 3389 Weissenburgi

203 3423 377 3488 adiuturum.
402 3423 553 3482 Paululum
569 3423 636 3480 ente
651 3423 782 3479 oetnrem
797 3421 913 3481 Werdae
925 3436 1015 3494 equos
1032 3420 1246 3483 conscendimus
1261 3428 1292 3482 et
1306 3426 1374 3482 ente

158 3518 164 3522 ⁴
200 3529 356 3590 secundnm
371 3524 580 3598 Weissenburg
594 3525 744 3584 intramus.

188 3611 193 3620 s
292 3631 408 3694 Werdae
422 3632 475 3691 hos
489 3642 589 3689 versus
604 3629 725 3704 scriptos
740 3631 876 3706 legimus:
979 3611 984 3619 ’

412 3745 500 3796 Fictor
520 3744 666 3798 describam
685 3747 829 3799 monachos
847 3747 964 3800 studiose
979 3753 1102 3816 peroptes

449 3834 500 3897 Qui
518 3839 716 3904 proeterfvestes
735 3835 775 3886 nil
792 3837 899 3909 pietatis
915 3835 1021 3887 hebent.

247 3960 249 3965 s
292 3979 294 3984 ,
416 3921 534 3974 Pendula
552 3922 656 3992 nodesn.
669 3937 753 3991 cappe
772 3923 864 3976 dolosa
882 3923 987 3992 ligneus
1006 3930 1032 3976 et
1048 3940 1096 3993 pes

448 4013 513 4062 Haeo
531 4012 582 4063 tria
600 4011 745 4079 nudipedes
764 4012 913 4092 ducuntled
932 4016 1030 4063 tartare
1047 4013 1149 4063 nomeu

291 4146 371 4207 lnter
385 4145 591 4228 weissenburg
606 4154 636 4208 et
647 4147 785 4210 Werdam
799 4151 966 4227 oppidulum
981 4156 1026 4210 est
1037 4149 1195 4224 Mouheim,
1209 4150 1277 4208 olim
1293 4149 1376 4209 ducis

197 4249 323 4340 Hemici
338 4250 469 4312 Otthonis
489 4269 566 4312 nuno
584 4255 699 4315 cesseris
710 4255 779 4329 jure
791 4256 869 4316 belli
907 4255 985 4315 Ante
997 4255 1084 4330 hujus
1097 4263 1217 4330 portam
1225 4255 1374 4315 Weissen-

203 4357 325 4430 bugum
340 4357 471 4417 euntibus
486 4357 586 4418 ridere
601 4362 665 4429 erat
678 4375 802 4436 corpore
820 4361 878 4445 tria
898 4361 1078 4421 tribueretis
1092 4362 1232 4437 disposita
1245 4361 1376 4420 virorum

199 4459 386 4525 :etmalorum
405 4467 437 4526 et
458 4463 507 4539 qui
523 4463 757 4538 justatibierum
769 4469 806 4526 -et
818 4464 998 4528 brachiorum
1019 4467 1129 4530 robora
1139 4466 1296 4530 habebant.
1333 4465 1375 4524 Hi
