3017 5225
736 433 801 518 lii

185 599 277 678 ninus
292 618 340 678 ille
364 619 489 678 omnium
507 624 591 692 pater
612 617 747 692 dignam
763 615 887 690 donare,
910 619 943 676 ut
963 617 993 676 in
1008 613 1122 684 domino
1138 632 1202 676 cum
1216 617 1355 677 sollicitu-

185 724 252 784 dine
266 725 448 799 magistratus
461 725 590 798 praesint,
606 722 714 785 subditi
724 721 918 782 obedientiam
928 720 1054 782 debitam
1063 725 1205 796 praestent
1218 721 1256 782 ad
1265 721 1357 783 divim

185 830 231 887 sui
244 829 366 888 morinis
380 829 518 889 honorem
532 836 563 888 et
575 829 674 902 populi
688 824 857 901 proiectum
881 828 984 887 Amen.
1127 883 1131 892 ,

274 935 327 994 Usi
340 950 436 994 sumus
449 939 480 993 et
493 934 530 993 d·
539 933 636 993 Caroli
650 932 778 992 consilio.
817 931 926 992 Eadem
942 931 1011 1003 Otto
1025 947 1119 991 comm
1134 945 1153 990 a
1168 922 1353 1005 Schoniberq,

185 1039 396 1114 archipraesulis
418 1038 597 1098 (boloniensis
616 1054 767 1112 germanus
790 1036 881 1098 haar
905 1038 1055 1098 advemsae
1079 1036 1237 1101 dicebatur.
1276 1033 1356 1095 Mar·

185 1143 300 1202 chalcus
320 1144 494 1218 Schcmberq
516 1149 546 1203 et
565 1144 696 1204 domium
711 1160 730 1202 a
747 1144 898 1218 Zeltinqeu
918 1159 1022 1218 operas
1037 1157 1104 1202 snas
1124 1139 1214 1202 nobis
1235 1141 1357 1214 polliciti

185 1256 260 1322 sunt,
276 1248 327 1307 sed
341 1248 467 1308 Nasonis
481 1265 572 1308 ancre:
602 1248 742 1308 Pollicitis
757 1248 837 1308 dives
852 1246 973 1322 quilibet
987 1263 1050 1308 esse
1064 1251 1170 1322 potest.
1209 1246 1248 1306 Iit
1263 1261 1355 1320 grave

186 1358 231 1412 est
244 1352 323 1426 vulpi
337 1354 428 1414 leonis
442 1353 548 1412 mdam
561 1354 684 1426 gratiam
698 1352 783 1415 inire.
836 1377 840 1384 ¹

273 1457 385 1516 Eadem
400 1456 570 1517 Wilhelmus
588 1473 682 1516 comes
701 1457 848 1517 aNassau
870 1473 922 1531 per
937 1455 1071 1516 Lindium
1095 1454 1180 1515 nobis
1200 1439 1257 1514 dici
1270 1465 1355 1514 cura·

184 1563 244 1635 rit,
273 1562 516 1635 archiepiscopum
540 1561 731 1621 coloniensem
758 1561 794 1634 de
813 1561 910 1620 multis
929 1561 1057 1640 injuriis,
1081 1559 1184 1634 quibus
1206 1565 1235 1620 et
1248 1561 1311 1633 ipse
1325 1564 1358 1618 et

186 1664 295 1724 subditi
313 1668 359 1724 sui
377 1665 498 1726 anobis
516 1665 617 1724 allecti·
632 1672 741 1740 ment,
768 1671 954 1740 conquestum
967 1681 1051 1739 esso,
1075 1671 1105 1724 et
1128 1665 1184 1724 nisi
1203 1667 1356 1732 comitesa

187 1761 329 1830 Waldeclr
343 1771 419 1845 apud
432 1785 499 1830 suos
514 1776 664 1844 curarent,
685 1778 718 1832 ut
731 1771 767 1829 iis
782 1771 868 1830 rebus
884 1769 1129 1844 supersederetm,
1155 1767 1355 1830 delaniensem

186 1876 234 1935 vel
247 1877 374 1935 crastino
388 1876 462 1937 velle
477 1876 673 1936 executionem
687 1874 818 1935 mandati
832 1879 862 1934 et
872 1865 950 1949 juris
962 1893 981 1934 a
996 1873 1110 1934 Ooesare
1125 1878 1235 1948 petere.

274 1981 384 2040 &dem
397 1981 535 2042 Nicolaus
549 1982 644 2054 liniet
658 1981 819 2041 licentiatus
842 1997 894 2054 per
913 1979 1079 2040 schedulam
1091 1977 1272 2053 signficavit,
1289 1993 1355 2058 quae

186 2085 350 2146 Balthasari
364 2101 384 2144 a
397 2084 563 2160 Gultlingen
576 2102 629 2146 suo
644 2087 759 2145 nomine
773 2083 978 2159 perscribenda
993 2089 1098 2144 emant.

274 2191 357 2250 Mota
378 2196 424 2250 est
443 2190 546 2250 seditio
565 2191 641 2250 inter
659 2191 807 2266 iustiores
827 2195 857 2250 et
870 2169 998 2270 pedites,
1023 2189 1145 2250 seduno
1161 2187 1296 2250 etaltera
1319 2203 1357 2245 ex

187 2296 331 2368 peditibus
344 2295 414 2356 laeso
428 2311 476 2354 res
490 2312 557 2355 mox
571 2296 721 2370 consopita
735 2300 789 2354 est.
1164 2364 1167 2370 ¹

271 2398 384 2458 Eadem
400 2399 521 2459 Carolus
535 2415 555 2459 a
569 2399 711 2474 stockem
727 2399 845 2460 comites
859 2399 987 2462 loannes
1002 2405 1032 2461 et
1042 2399 1173 2460 Eubulus
1187 2385 1293 2458 iratres
1306 2413 1360 2458 rus

187 2505 324 2578 petiere.=
716 2585 720 2592 ¹
1121 2543 1127 2564 ι
1321 2529 1325 2534 ·

277 2597 499 2684 christophorus
520 2607 579 2669 dux
597 2608 816 2687 aWhtenberg
838 2613 948 2685 equites
968 2612 1078 2685 aliquot
1096 2609 1229 2684 Augusta
1242 2609 1359 2683 ablega·

187 2714 237 2787 ait,
254 2718 312 2787 quo'
326 2715 409 2776 nobis
423 2715 535 2773 caeteris
548 2715 596 2773 iric
609 2732 719 2775 moram
733 2717 922 2789 nectentibus,
938 2720 971 2775 ut
985 2716 1041 2775 dici
1055 2698 1136 2789 solet,
1153 2716 1255 2775 solatio
1271 2721 1358 2775 esset.

188 2818 242 2891 qni
255 2819 389 2897 respicis,
413 2820 507 2894 Deus,
530 2836 644 2882 causam
658 2817 758 2887 afflicti
773 2822 924 2898 etinopis,
946 2836 984 2879 ne
998 2826 1114 2883 tuorum
1129 2819 1304 2897 obliviscaris
1327 2820 1365 2880 in

187 2921 289 2999 finem!
691 3002 697 3007 .
931 2984 934 2990 .

275 3028 470 3089 Inmanaiona
486 3030 574 3104 Viqlii
587 3029 746 3089 Zneiclrem
761 3030 866 3105 parieti
882 3032 1037 3115 ascriptum
1051 3030 1184 3105 legimus:
1200 3029 1276 3091 Diau
1290 3031 1359 3089 mon

189 3133 286 3209 espoir
299 3140 330 3193 et
343 3132 466 3195 confort.
631 3202 640 3210 ,
686 3200 690 3210 ,
926 3206 934 3214 „

274 3240 340 3303 Jam
360 3242 441 3314 quasi
459 3257 513 3317 per
536 3240 686 3302 coadunes
708 3239 819 3315 aliquot
841 3240 903 3301 dies
924 3240 1070 3316 principes
1091 3240 1212 3321 concilia
1225 3238 1360 3313 frequen·

186 3347 298 3405 arunt!

188 3486 193 3495 ·
275 3468 332 3510 xxv
353 3451 426 3525 Maji
446 3449 576 3533 dominos
594 3452 722 3512 loannes
742 3452 886 3511 Hernicus
904 3451 968 3512 loco
990 3451 1112 3511 ethora
1131 3451 1274 3511 consuetis
1293 3456 1359 3510 tex·

187 3560 248 3613 turn
262 3554 390 3629 epistolae
399 3555 489 3626 ‚Pauli
503 3554 542 3619 ad
555 3554 700 3622 Romanos
715 3572 753 3614 ex
767 3572 829 3631 cap.
849 3559 887 3616 13
908 3555 1076 3631 prosecutus
1095 3561 1151 3615 est:
1172 3556 1246 3629 «Qui
1260 3561 1359 3616 autem

187 3660 263 3733 patui
275 3660 449 3732 restiterint,
472 3659 616 3733 sibiipsis
633 3659 773 3732 iudicium
793 3662 942 3735 accipient.
972 3660 1048 3723 Nam
1067 3661 1210 3735 principes
1225 3675 1283 3719 uon
1297 3664 1358 3719 tor·

188 3757 248 3821 rori
262 3768 330 3829 sunt
343 3763 416 3821 bene
431 3763 591 3837 agentibus,
614 3751 670 3846 ‘sed‘
681 3765 764 3823 male.
795 3766 846 3826 Vis
864 3771 960 3825 autem
979 3781 1037 3825 non
1050 3766 1152 3825 tmere
1166 3764 1359 3839 potestatam?

189 3866 271 3939 Quod
284 3866 390 3925 bonum
406 3873 450 3926 est
463 3865 559 3942 facito,
576 3873 606 3927 et
618 3866 694 3927 ieras
710 3868 826 3929 budam
846 3870 883 3929 ab
901 3871 960 3930 illa.
991 3871 1047 3931 Dei
1067 3872 1142 3929 enim
1161 3871 1291 3929 minister
1306 3870 1361 3934 tibi

188 3972 218 4030 in
231 3973 346 4056 bonum.
367 3961 460 4045 'quod
474 3974 500 4031 si
513 3970 616 4033 feceris
631 3973 662 4032 id
677 3975 755 4046 qnod
769 3975 875 4035 andum
893 3981 946 4051 est,
969 3977 1047 4035 time.
1078 3977 1144 4035 Non
1160 3977 1235 4035 enirn
1249 3974 1361 4035 husus

187 4076 314 4150 pallium
328 4084 433 4151 gesat
461 4078 536 4137 Nam
551 4078 607 4137 Dei
621 4079 752 4140 minister
766 4085 819 4152 est,
842 4080 919 4139 ultor
934 4081 972 4140 ad
991 4081 1063 4141 iram
1078 4082 1106 4139 ei
1125 4081 1184 4154 qui,
1204 4076 1281 4154 qnod
1295 4095 1358 4137 rua·

187 4181 246 4239 lum
260 4188 314 4269 est,
325 4180 446 4261 iecerit.
477 4183 660 4259 Quapropter
680 4189 794 4257 oportet
813 4201 876 4245 esse
891 4161 1028 4261 subditos,
1050 4202 1108 4245 non
1128 4187 1219 4244 solum
1238 4189 1360 4261 proptor

187 4289 275 4362 iram,
297 4304 397 4348 verum
418 4289 504 4347 etiam
525 4292 646 4362 propter
667 4291 901 4351 conscientiam«
924 4290 1022 4352 Fecit
1041 4268 1137 4350 autern
1158 4290 1273 4371 breuem
1294 4288 1360 4347 heri

188 4384 327 4452 dictorum
348 4375 622 4465 recapitulationem.
659 4377 771 4454 Deinde
792 4394 827 4455 de
847 4391 970 4457 utilitate
990 4396 1156 4469 potestatis,
1180 4394 1359 4468 potissimum

187 4479 304 4557 comsit
322 4497 467 4557 ordinatio
485 4497 540 4557 Dei
558 4499 634 4558 bona
654 4497 737 4559 nobis
757 4500 787 4559 in
806 4500 921 4571 bonum.
960 4500 1040 4561 Deus
1054 4501 1138 4573 enim,
1161 4496 1271 4579 inquit,
1287 4498 1361 4557 nibil
