3017 5225
677 428 744 499 tls

98 672 101 679 .
123 619 277 695 conjugum
288 676 289 681 ,
299 614 335 679 de
351 613 568 693 Schwartzbmg
582 613 620 676 ad
642 616 721 690 ouius
736 613 944 690 frontispicium
959 620 1097 693 seriptum
1111 625 1168 681 est:
1191 620 1292 696 sepul.

123 728 192 784 tura
206 723 340 783 comitum
356 726 385 781 et
400 696 578 781 dominorum
592 721 623 779 in
638 720 867 809 Schwartzburg.

163 826 170 837 ’
214 826 434 905 christophorus
455 827 493 886 ah
506 825 690 900 'Entuenberg
709 832 739 907 et
754 826 985 887 Schneidewindt
1002 828 1168 889 licentiatus
1181 815 1295 892 litteras

121 933 255 1005 recipere
270 930 407 991 nolebant
427 946 462 991 eo
483 931 561 1005 quod
580 933 761 991 amanuensis
781 946 869 990 mann
887 932 986 1005 lapsus
1009 933 1107 1007 aliqua
1120 942 1250 996 eraserat
1263 937 1294 995 in

121 1036 246 1097 eundem
261 1036 354 1096 locum
368 1037 495 1118 secundo
510 1036 645 1110 scribens,
662 1050 696 1095 ao
708 1034 744 1095 de
753 1037 810 1095 hnc
822 1051 856 1095 re
869 1036 990 1096 multum
1004 1038 1111 1113 diuque
1125 1040 1294 1101 altercatum

121 1138 268 1201 inter-nos
283 1147 336 1215 est,
353 1146 383 1199 et
396 1142 557 1215 presertim
571 1142 649 1214 qnod
663 1142 769 1223 litterae
779 1142 880 1215 sigillis
892 1146 922 1201 et
935 1125 1070 1203 manuum
1084 1145 1294 1218 subscriptione

121 1246 232 1307 domini
246 1245 363 1320 Georgii
377 1247 493 1306 Ernesti
507 1262 526 1305 a
539 1246 724 1321 Henneberg,
741 1246 917 1321 sigismundi
931 1264 950 1307 a
963 1247 1104 1323 Holhach,
1119 1248 1259 1309 Eriderici
1275 1264 1294 1308 a

122 1351 333 1427 Wa'ngenheim
356 1367 390 1411 ac
409 1351 501 1410 nostri
515 1355 546 1410 et
560 1351 661 1411 uxoris
676 1351 870 1412 mrroboratae
885 1358 990 1429 essent.
1024 1354 1154 1414 Tandem
1168 1370 1292 1415 conven-

122 1461 195 1527 tum,
211 1462 244 1515 ut
257 1456 299 1513 illi
314 1457 464 1530 pecuniam
479 1455 562 1516 nobis
577 1462 808 1534 annumerarent,
833 1473 886 1517 nos
907 1459 985 1518 intra
1004 1474 1118 1526 menses
1133 1459 1205 1521 duos
1220 1460 1292 1521 alias

122 1560 236 1621 litteras
251 1559 429 1621 emendatius
445 1559 601 1633 descriptas
616 1558 803 1621 Amatadium
816 1560 962 1622 missuros.

215 1665 325 1725 Simoni
343 1667 446 1725 aerario
467 1666 498 1723 in
513 1663 699 1739 Rudelstadt,
723 1667 773 1738 qui
787 1672 819 1725 et
827 1667 893 1739 'ipse
908 1682 971 1726 cum
987 1666 1102 1727 domina
1116 1684 1201 1729 socru
1214 1667 1291 1727 Arn-

122 1768 210 1831 stadli
231 1776 307 1846 erat,
332 1768 408 1844 quod
431 1770 543 1829 litteras
567 1768 718 1831 nonnullas
741 1770 823 1831 nobis
845 1770 1054 1847 descripsisset,
1076 1773 1220 1833 thalerum
1242 1771 1292 1832 dc·

122 1874 226 1935 dimus.
275 1906 278 1911 f
561 1934 563 1939 ,
853 1905 856 1914 ·
1204 1856 1208 1862 ¹

214 1978 413 2053 sigismundus
427 1980 588 2041 Witzleben
603 1981 694 2055 gratis
709 1982 820 2055 omnia,
844 1997 910 2055 quae
930 1982 1013 2060 apnd
1028 1982 1292 2057 eundeminsump·

124 2100 254 2145 seramus
270 2085 362 2160 dedit,
384 2091 528 2160 praterea
542 2102 573 2145 se
586 2085 670 2153 ‘nobis
685 2084 723 2145 nd
737 2083 833 2144 efficia
846 2086 963 2160 obtulit,
983 2102 1062 2161 aegre
1076 2087 1237 2161 admittens,
1260 2092 1294 2147 ut

126 2204 162 2250 eo
178 2191 225 2251 die
238 2191 316 2250 illinc
330 2191 482 2252 abiremus.
506 2190 643 2251 Dedimus
657 2192 741 2251 uxori
757 2190 931 2264 sigismundi
944 2207 1049 2251 aureos
1063 2192 1136 2252 duos
1149 2198 1180 2252 ot
1194 2194 1291 2267 singu·

125 2296 162 2354 lis
176 2297 274 2371 pueris
288 2297 379 2371 ipsius
393 2294 533 2357 soranum
547 2310 675 2357 aureum.
698 2295 794 2355 Erant
807 2296 933 2370 quinque
947 2312 1076 2357 numero.

215 2400 318 2474 simus
338 2402 461 2476 receptis
482 2402 681 2475 sesquinovem
701 2400 825 2460 millibus
840 2402 948 2473 aureis,
973 2418 1094 2474 quorum
1108 2402 1186 2461 mille
1200 2401 1294 2461 Annae

124 2503 230 2563 Maria
250 2504 429 2566 debebantur
450 2510 479 2565 et
499 2506 604 2565 ibidem
625 2522 738 2580 quoqne
751 2523 771 2564 a
785 2504 868 2567 nobis
888 2506 1045 2581 dabantur,
1067 2507 1125 2567 dno
1139 2507 1229 2566 millia
1243 2505 1295 2567 do·

124 2610 204 2670 mina
218 2625 316 2672 socrus
331 2613 458 2686 recepit,
481 2627 548 2671 nam
562 2610 624 2670 haec
638 2613 668 2670 in
683 2613 801 2686 negotio
822 2613 982 2685 citationis,
1005 2613 1210 2688 absolutionis,
1224 2628 1294 2688 pro·

124 2697 257 2775 lectionis
271 2715 447 2792 augustanae
468 2721 497 2776 et
518 2718 615 2778 nescio
634 2717 665 2776 in
686 2732 759 2790 quas
773 2717 906 2776 Plutonis
925 2719 1292 2791 mystasdmpensaerant.

124 2821 199 2879 item
220 2820 343 2881 domina
362 2823 457 2882 socrui
476 2822 701 2896 quadringentos
719 2837 774 2895 pro
796 2803 912 2895 sumptu
932 2821 964 2879 in
984 2821 1070 2881 dietis
1084 2826 1115 2881 et
1128 2821 1192 2882 aliis
1206 2821 1294 2880 rebus

125 2926 264 2986 dedimus.
301 2929 342 2987 Et
355 2945 392 2989 ne
410 2927 463 2986 hos
478 2929 608 3002 recipere
629 2927 768 2986 abnueret
789 2927 863 2986 olam
879 2942 942 2986 eam
955 2929 1106 3002 pecuniam
1120 2927 1219 2986 subter
1233 2927 1296 3001 pal·

123 3032 195 3092 lium
211 3047 246 3091 aa
260 3034 350 3092 inscia
368 3037 399 3091 in
414 3032 544 3091 cubiade
563 3033 652 3105 ipsius
671 3033 832 3108 posuimus,
848 3047 910 3092 neo
931 3032 1057 3092 arbitror
1076 3047 1140 3092 eam
1159 3033 1216 3091 nisi
1229 3036 1296 3106 post

126 3136 235 3196 abitum
251 3142 380 3197 nostrum
395 3139 551 3212 reperisse,
568 3141 654 3209 atque
669 3137 789 3211 singulis
804 3138 950 3212 dispositis
963 3139 1112 3211 matronis,
1129 3151 1194 3210 qua
1207 3153 1294 3198 vene·

126 3239 194 3301 rant
206 3241 367 3303 Anastasia
382 3244 519 3316 inuisere,
542 3228 737 3301 valediximus.
777 3242 835 3301 Sed
849 3248 911 3301 tum
924 3240 1103 3302 humanitate
1117 3248 1147 3300 et
1161 3240 1295 3314 precibus

7 3415 8 3420 ἵ
127 3363 227 3406 earum
242 3349 309 3422 victl
322 3347 469 3422 paulisper
484 3347 522 3406 ad
536 3347 649 3420 repotia
667 3343 854 3405 consedimus.
877 3347 918 3405 Et
930 3363 990 3406 una
1003 3363 1040 3406 ex
1052 3346 1097 3406 his
1111 3345 1294 3419 mulierculis,

7 3477 8 3532 ι
127 3465 191 3523 quae
207 3451 349 3526 quondam
371 3452 410 3511 ab
432 3468 486 3511 avo
506 3452 603 3510 uxoris
622 3455 729 3510 nosmae
750 3450 962 3524 eWestphalia
980 3467 1015 3510 eo
1034 3433 1162 3514 adducta
1181 3455 1247 3509 erat
1265 3454 1296 3508 et

125 3557 302 3617 illiservivit
321 3558 352 3615 in
372 3557 458 3644 rebus
477 3559 571 3614 minus
594 3555 719 3614 honeais
734 3571 811 3612 nunc
829 3554 1030 3614 addominum
1045 3571 1185 3616 conversa
1198 3555 1297 3629 agnita

7 3677 8 3718 ι
127 3661 269 3733 evangelii
282 3662 404 3720 veritate
417 3655 552 3733 lacrymis
566 3655 817 3733 undiqne‘obortis
831 3659 976 3720 Eubulum
995 3661 1100 3719 obnixe
1114 3660 1293 3733 hortabatur,

7 3743 8 3776 ³
125 3769 160 3826 ut
174 3779 238 3824 cum
251 3764 579 3826 uxorelnoouiessione
595 3763 702 3824 Christi
715 3769 847 3841 perstare
860 3765 954 3824 uelim.

8 3935 10 3950 ,
217 3867 382 3928 (sunthorus
397 3863 551 3930 comes'vel
566 3870 610 3928 sui
625 3867 802 3943 Anastasia,
825 3884 862 3927 ne
875 3867 970 3949 dicam
983 3869 1085 3939 nostri,
1101 3868 1182 3928 velut
1194 3868 1296 3941 Mega·

8 4015 9 4018 ¹
126 3974 255 4034 tensium
270 3973 378 4033 nullam
392 3975 533 4034 rationem
553 3974 731 4049 habuerunt,
755 3989 809 4033 nec
829 3971 980 4032 sodalitate
1000 3987 1054 4029 nec
1075 3968 1164 4032 amau
1183 3970 1298 4044 quidem

127 4077 289 4152 dignantes.
312 4079 388 4138 Dum
401 4067 476 4140 uxor
489 4097 508 4140 a
522 4079 637 4140 domina
649 4083 741 4140 matre
757 4057 921 4138 Evellenda
934 4081 1019 4150 esset,
1037 4075 1122 4148 iuxta
1136 4075 1298 4135 Salomonis

127 4181 313 4258 sententiam,
338 4189 469 4244 extrema
488 4183 586 4259 gaudii
606 4183 700 4245 luctus
715 4189 851 4258 occupat,
874 4198 929 4242 uec
942 4197 997 4254 ego
1010 4179 1059 4238 hic
1072 4178 1225 4240 admodum
1239 4178 1298 4239 ter·

126 4302 205 4347 reus.
228 4289 285 4348 Vix
300 4291 376 4349 enim
391 4289 486 4369 socrui
500 4294 530 4347 et
544 4287 647 4376 ceteris
661 4305 721 4361 prae
736 4305 867 4362 merore,
882 4293 916 4347 ut
930 4285 1058 4359 decebat,
1082 4286 1191 4359 gratias
1213 4300 1311 4358 agere,

126 4397 270 4470 poteram.
307 4393 347 4454 nt
367 4393 484 4496 tandem
503 4393 639 4465 utrinque
659 4409 712 4452 nos
735 4393 791 4454 deo
811 4393 1018 4453 committentes
1038 4395 1093 4466 ego
1112 4406 1177 4450 cum
1190 4387 1299 4450 familia

126 4512 193 4558 mea
206 4499 316 4573 primns
330 4500 413 4562 abeo.
435 4500 512 4567 Nam
526 4497 621 4558 socrui
634 4496 740 4559 ibidem
754 4497 851 4560 adhuc
868 4499 989 4575 negocia
1008 4497 1107 4571 alium
1119 4500 1211 4572 erant,
1233 4509 1300 4569 qua

1013 4604 1053 4661 16
1069 4601 1086 4637 *
