3017 5225
705 433 746 499 ol

138 613 376 691 ohcqmtavimus,
393 614 442 673 ubi
457 613 495 675 ad
509 610 582 688 Lyci
595 615 694 675 littora
707 615 738 675 in
753 632 843 677 arcun
855 634 961 692 pueros
975 635 1117 681 cusarcos
1132 638 1221 699 equos
1235 622 1312 683 Nea-

136 720 294 795 politanos.
310 726 476 779 asturcones
504 727 534 780 et
562 737 653 794 equos
679 723 803 796 celeres,
833 737 905 795 quos
927 721 1046 799 genetos
1067 734 1185 803 uocant,
1216 728 1312 801 girato

138 830 170 884 et
191 824 230 884 ad
250 830 403 898 utrumque
425 826 502 888 latus
520 827 550 885 in
570 827 655 886 orbes
677 832 805 902 vertere,
828 834 861 888 ut
880 832 1005 911 peritum
1024 837 1070 891 est
1087 834 1236 905 equitandi
1257 832 1313 891 hoc

136 907 230 1003 genus
249 932 409 1004 hominum,
431 930 564 990 vidimus.
595 932 693 1005 Major
714 937 811 991 autem
829 932 931 992 horum
945 951 1013 1007 pars
1032 937 1193 1012 principum
1212 944 1243 997 et
1262 954 1310 997 co·

136 1034 238 1093 ruitum
261 1034 321 1094 filii.
358 1036 399 1095 Et
421 1034 489 1095 dum
516 1038 546 1096 in
567 1038 667 1097 urbem
689 1040 796 1097 reverti
818 1040 962 1113 cupimus,
990 1037 1054 1099 fero
1074 1042 1106 1098 in
1125 1042 1197 1115 ipsis
1219 1042 1311 1115 portis

134 1138 288 1214 Adolphus
309 1137 485 1229 Coloniensis
506 1142 736 1217 archiepiscopus
755 1159 820 1202 curn
841 1145 986 1217 equitibus
1004 1142 1069 1219 plus
1084 1124 1178 1204 minus
1190 1147 1311 1219 triginta

135 1243 220 1304 nonis
234 1226 272 1313 o,
289 1246 397 1305 onnus.
436 1244 509 1306 mat
528 1247 558 1305 n
579 1247 615 1305 ιι
635 1248 752 1321 campa,
776 1250 807 1307 in
828 1265 887 1321 quo
907 1252 997 1323 ριιιι»
1010 1251 1169 1325 amnne,
1193 1248 1308 1325 cumps,

135 1350 186 1421 qui
201 1350 266 1409 niso
282 1366 318 1408 ex
329 1351 411 1441 [ligno
425 1349 534 1411 affabre
548 1352 660 1426 sculpto
675 1353 797 1412 cessitas
810 1359 1012 1428 aucuparetur.
1070 1372 1073 1377 ·

226 1455 325 1528 Nepos
340 1460 371 1513 ιι
383 1456 511 1515 Joannes
525 1452 615 1515 irater
630 1461 729 1517 noster
743 1459 821 1532 apud
836 1459 981 1522 dominum
995 1462 1155 1536 prlncipem
1173 1462 1204 1520 in
1217 1462 1312 1521 hortis

133 1558 284 1633 Herbroti‚
308 1576 367 1633 quo
380 1562 419 1621 ad
432 1561 586 1636 levandum
599 1562 715 1622 taedium
730 1579 763 1622 se
778 1564 880 1623 deuehi
895 1562 1014 1640 fecerat,
1039 1570 1130 1625 eraut.
1173 1614 1178 1623 .
1293 1553 1295 1558 ’

225 1664 262 1726 D.
274 1660 315 1726 de
330 1664 510 1726 Granderela
524 1667 555 1726 iu
569 1667 677 1727 aedibus
697 1664 867 1741 Hieronymi
882 1670 1014 1746 ‘Fuggeri
1034 1670 1189 1745 hospitium
1211 1671 1308 1748 hahet,

134 1770 199 1844 qui,
222 1758 427 1845 denarraret,
451 1786 503 1832 sna
518 1778 595 1832 sorte
610 1777 775 1847 contentus,
798 1777 1012 1848 negociationes
1027 1777 1121 1837 nullas
1135 1778 1204 1854 egit.
1257 1801 1262 1807 ·

223 1876 363 1959 suggeri,
387 1878 437 1950 qui
454 1875 541 1938 hodie
562 1878 726 1961 supersunt
750 1881 912 1954 monopolis
932 1887 1068 1941 exercent
1088 1880 1247 1941 ct'domini
1265 1880 1307 1939 di·

133 1982 244 2057 tionum
258 1982 368 2056 aliquot
382 1988 457 2057 sunt,
481 1983 589 2042 scilicet
603 1983 755 2057 Antonius,
779 1986 859 2057 qu'us
873 2001 946 2043 uxor
960 1982 1096 2043 demncca
1110 1991 1163 2059 ιιι,
1179 1986 1307 2045 Joaunes

131 2082 260 2146 Jacobus
282 2093 312 2147 ct
333 2088 460 2147 Joanncs
480 2075 630 2163 Gedrgius,
654 2090 684 2147 in
704 2089 784 2161 ouJ'us
805 2088 917 2148 aedibus
936 2090 1149 2149 Maximilianus
1168 2089 1307 2148 archidux

133 2190 239 2279 balnea
252 2208 344 2252 verna
358 2192 507 2252 habiturus
522 2193 636 2253 dicitur

190 2296 294 2355 Haec
315 2296 415 2357 eadem
437 2292 519 2357 dies
519 2292 644 2358 mensem
666 2298 831 2373 complevit,
856 2297 974 2418 quoda
997 2298 1167 2362 Waldeccia
1185 2295 1306 2373 protecti

135 2416 241 2461 sumus.
573 2407 577 2417 ‘

166 2506 355 2673 “Eadcmt
347 2527 378 2567 ιιι
393 2509 533 2569 dominico
548 2509 721 2630 'Augustanus
741 2515 920 2630 apparantur
939 2484 1067 2583 exequie
1086 2509 1163 2582 regis
1184 2508 1305 2628 Polono·

131 2721 162 2778 in
177 2725 285 2779 terram
305 2737 427 2795 vergens
446 2722 545 2782 letius
554 2727 721 2797 coopertum
735 2737 833 2797 panno
847 2721 1007 2780 holoserico
1021 2720 1114 2794 nigro,
1137 2721 1168 2778 iu
1182 2724 1305 2792 quatuor

131 2826 244 2900 angulis
262 2826 386 2899 insignia
405 2827 485 2900 regia
503 2825 617 2899 depicta
635 2826 753 2899 hahens,
777 2827 816 2887 ah
834 2828 893 2887 imo
906 2841 999 2900 usquc
1013 2825 1052 2884 ad
1065 2824 1199 2887 vorticem
1213 2823 1305 2883 cereis

131 2920 313 2990 adornatum.
344 2930 516 2991 Hioreutem
535 2948 587 2991 rex
610 2932 655 2992 die
669 2917 841 3007 paschatos,
866 2932 934 2991 dum
952 2931 990 2990 oh
1010 2929 1121 2988 senium
1134 2929 1173 2986 'in
1186 2929 1259 2987 sella
1272 2943 1304 2987 se

130 3034 170 3094 ad
183 3023 324 3109 templum
337 3037 444 3110 gestari
465 3037 564 3112 voluit,
588 3038 681 3097 subito
697 3037 851 3112 apoplexia
863 3037 961 3116 periit,
979 3036 1026 3094 cui
1040 3034 1134 3093 Deum
1149 3035 1304 3109 propitium

129 3127 327 3212 deprecamur.
366 3141 460 3215 Hujus
483 3147 533 3201 ant
534 3158 578 3218 em
601 3142 728 3203 Poloniae
752 3142 828 3227 regis
850 3128 978 3200 marchio
1004 3139 1169 3206 loachimus
1196 3139 1304 3197 elector

129 3259 220 3318 gener
235 3250 288 3320 cst,
312 3248 392 3320 qu'us
412 3263 488 3307 uxor
504 3249 564 3321 J'am
587 3263 699 3323 quoque
714 3247 853 3320 Augusta
867 3251 920 3304 est.
952 3245 1112 3349 Protractae
1125 3243 1223 3301 ιιιιιιιι
1237 3247 1304 3301 sunt
1363 3255 1365 3259 ·

128 3351 175 3409 hae
191 3352 319 3424 exequiae
334 3353 364 3411 in
380 3350 455 3411 diem
469 3338 647 3412 dominicam
835 3392 839 3399 ι

219 3445 294 3516 Auta
310 3473 416 3530 paucos
431 3457 492 3516 dies
506 3458 617 3532 legatus
633 3457 745 3531 Angliae
759 3455 837 3530 regis
852 3454 977 3515 advenit
1025 3479 1035 3504 ι

218 3551 451 3621 Joainestrater
465 3561 540 3637 opud
556 3562 772 3634 Treuerensem
795 3576 885 3636 nepos
905 3559 982 3632 apud
1003 3558 1302 3631 Golonieuscmpram

127 3679 178 3723 sus
193 3669 246 3724 est.
276 3665 382 3726 Attulit
396 3665 497 3748 codem
512 3667 692 3750 amanuensis
707 3667 756 3725 ille
771 3666 909 3740 scriptum
923 3652 1047 3738 aliquod.

218 3769 341 3830 Domine
361 3770 449 3844 Deus,
472 3771 522 3844 qni
544 3771 631 3830 corda
652 3775 681 3830 et
701 3787 787 3830 renes
807 3771 931 3830 omniurn
945 3769 1108 3828 mortalium
1122 3767 1238 3840 cognita
1252 3766 1307 3826 luae-

9 3879 10 3884 ’
126 3874 189 3947 bes,
213 3879 246 3933 tu
260 3873 347 3934 cordo
357 3881 460 3935 -nostra
475 3873 597 3950 purifica
611 3881 640 3934 ιι
654 3875 765 3934 lumbos
776 3875 902 3935 ‘nostros
917 3875 1047 3947 accinge,
1071 3888 1128 3946 quo
1142 3873 1203 3947 pie,
1222 3873 1301 3946 juste

126 3982 158 4038 ιι
179 3971 380 4061 ιοιιὶιιιιιιιιιι
399 3981 466 4040 ritae
486 3981 658 4040 curmculum
678 3973 995 4053 perficere‘vrleamus,
1020 3977 1227 4073 dignique„te
1242 3977 1300 4035 lar·
1323 3972 1341 4034 ,’

126 4083 235 4158 piente,
257 4077 493 4158 promissionibus
508 4083 559 4144 tilii
573 4085 702 4144 tuivJesu
717 4083 824 4143 Christi
844 4078 1015 4156 efficiamur,
1039 4097 1097 4156 per.
1112 4075 1234 4142 eundem
1249 4081 1300 4142 do·

126 4188 450 4292 minumnostrumeto.
1289 4190 1295 4204 “

9 4463 10 4482 J
127 4395 202 4468 Quia
217 4402 300 4472 pater
314 4399 406 4472 major
425 4415 471 4479 me
492 4402 545 4470 est,
569 4369 731 4472 etreliqua
750 4413 842 4471 usque
862 4392 900 4456 ad
919 4396 1005 4458 finem
1019 4390 1134 4471 capitis.
1168 4396 1266 4468 utris
1257 4411 1300 4453 rn-

9 4495 11 4520 '
128 4503 200 4576 quit,
223 4517 330 4576 omncs,
354 4501 407 4577 {spui
418 4503 600 4562 hunclocnm
614 4517 652 4562 en
671 4503 763 4561 doctis
782 4505 813 4560 ιι
832 4501 962 4575 patribus
981 4501 1076 4562 adhuc
1094 4502 1298 4573 exposuerunt
