3017 5225
752 417 816 483 lea

199 608 266 667 dum
282 606 414 678 desuem,
441 616 545 677 rogare
560 618 606 661 me
622 601 712 663 deum·
722 606 781 675 opt.
798 616 872 661 max.
889 608 923 661 ut
935 602 997 676 ipse
1013 614 1130 675 quoque
1144 614 1208 657 cum
1218 568 1326 673 ιιιιιιιι
1341 604 1375 657 et

197 710 344 772 commodo
360 708 477 769 tandem
492 723 587 767 causae
603 723 662 767 suae
677 702 845 782 prosperum
861 708 969 767 exitum
983 706 1109 767 nancisci
1124 705 1216 780 possit
1229 709 1301 779 eta,
1320 720 1370 763 re·

196 816 326 891 spondit:
350 815 458 873 Secura
472 818 517 871 est
530 811 600 873 mihi
615 813 790 873 muscientia
805 818 837 896 et
847 813 932 872 deum
946 816 1049 872 testem
1063 812 1181 884 invoco,
1200 809 1279 883 quod
1294 808 1368 867 nihil

197 926 442 997 appetamquam
457 916 535 992 quod
550 917 618 978 mihi
631 919 697 990 jure
712 919 809 978 divino
824 924 854 978 et
868 918 992 977 humano
1007 916 1107 976 deberi
1122 914 1224 986 amaru,
1244 929 1299 973 uec
1313 914 1371 974 boc

196 1026 310 1125 quidem
325 1025 419 1099 ipsum
434 1026 511 1083 omni
526 1038 563 1081 ex
578 1028 662 1097 parte
677 1022 821 1095 integrum
835 1022 917 1082 reddi
932 1027 1010 1097 peto,
1025 1022 1111 1081 modo
1122 1020 1244 1093 aequitas
1258 1035 1371 1077 mecum

197 1136 339 1194 servetur.
1351 1156 1354 1161 ·

285 1235 396 1309 Rogavi
411 1233 532 1294 eundem
546 1231 677 1293 munitam
692 1238 725 1291 ut
745 1249 792 1293 me
811 1232 890 1307 apud
910 1232 1157 1307 archiepiscopum
1177 1229 1370 1308 coloniensem

198 1347 364 1403 excusatum
378 1333 499 1399 haberet
513 1339 639 1412 ipsique,
657 1338 734 1411 quod
748 1354 803 1411 pro
817 1354 863 1397 me
878 1316 1059 1399 intercedere
1074 1336 1209 1411 dignatus
1224 1336 1277 1408 sit,
1301 1350 1369 1408 gra-

197 1447 253 1506 tias
269 1451 378 1521 ageret

287 1549 421 1623 Philippo
437 1562 549 1622 quoqne
565 1563 584 1605 a
598 1546 770 1623 Homberg
762 1549 874 1623 injunxi
889 1525 922 1607 ut
939 1564 986 1607 me
1006 1547 1083 1621 apud
1102 1495 1260 1622 cognatum
1273 1546 1368 1606 urchi·

199 1650 363 1729 episcopum
378 1653 585 1742 Treverensem
601 1661 751 1712 excusaret
759 1670 802 1713 ac
815 1652 953 1714 nonnulla
967 1651 1010 1714 illi
1023 1650 1156 1713 referret.

288 1740 458 1817 wilhelmus
482 1771 618 1816 comesa
646 1754 837 1832 Witgenstein
864 1756 947 1817 uobis
968 1757 1107 1817 valedixit
1132 1763 1170 1817 et
1186 1757 1300 1817 nomine
1317 1773 1369 1816 oo-

200 1862 277 1922 mitis
289 1862 410 1922 Joannis
425 1878 443 1921 a
458 1862 525 1921 Seiu
541 1860 688 1922 nobiscnm
702 1850 814 1922 locutus
829 1869 873 1924 est
886 1878 944 1921 sou
958 1862 1055 1921 Habsz
1069 1861 1160 1921 Lohe

195 1988 201 1993 ·
267 2040 271 2045 Ι
290 1966 424 2027 Tandem
443 1967 481 2025 ad
503 1967 660 2041 hospitium
682 1974 831 2033 revertens
852 1968 959 2042 hospiti
981 1983 1035 2040 pro
1057 1968 1177 2042 singulis
1198 1967 1371 2034 solutionem

200 2072 264 2133 fieri
277 2073 360 2146 jussi,
376 2087 445 2131 coco
460 2066 612 2145 diploidem
627 2074 748 2133 sericam
763 2072 839 2133 dedi.
869 2072 969 2133 Justus
985 2073 1082 2147 trabes
1098 2077 1129 2131 et
1141 2073 1223 2147 tigna
1235 2071 1300 2131 dari
1314 2072 1371 2132 sibi

200 2178 287 2252 cupit.

214 2354 217 2361 p
291 2280 369 2340 Seldi
383 2280 509 2341 ιιοιιοιιι
524 2282 608 2341 uxori
626 2280 754 2340 thaleros
773 2282 961 2361 quindecim
953 2300 984 2341 m
1003 2282 1190 2342 honorarimn
1208 2282 1282 2341 misi.
1313 2280 1369 2340 Ga·

200 2386 326 2449 terrulam
342 2398 459 2445 auream
477 2400 540 2459 pro
549 2382 648 2444 decem
663 2392 696 2445 et
718 2391 827 2459 septem
847 2387 967 2454 thaleris
986 2393 1016 2447 et
1038 2388 1255 2461 quatuordecim
1275 2366 1371 2447 hauh

201 2491 238 2550 ab
253 2491 378 2549 Otthone
393 2505 457 2547 auru
450 2486 578 2547 ''febro
570 2506 601 2547 ιιι
615 2491 731 2549 xenium
746 2492 844 2551 uxoris
859 2492 923 2551 emi.

289 2593 412 2654 Lindius
428 2609 476 2668 aa,
488 2602 558 2667 ‘quae
572 2594 615 2653 illi
631 2585 842 2656 committebam
857 2587 936 2674 (uam
951 2576 1059 2680 Florus
1074 2610 1189 2672 quoque
1202 2571 1371 2658 recessurus

200 2698 276 2775 erat)
292 2701 401 2774 optima
415 2697 472 2758 fide
487 2715 519 2758 se
535 2705 718 2760 executurum
733 2701 874 2775 promisit.

231 2853 233 2864 .
287 2805 413 2864 Pileolos
429 2804 604 2866 holosericos
621 2808 746 2881 quinque
760 2809 793 2887 in
805 2824 890 2868 usum
909 2806 1014 2889 filiolae
1027 2813 1058 2867 et
1076 2805 1313 2882 pedissequarum
1332 2805 1372 2866 ab

199 2909 313 2983 hospite
323 2913 427 2968 nostro
444 2911 509 2967 emi.
793 2887 798 2893 ⁸
1159 2890 1163 2897 ’

289 3012 394 3072 Lindie
409 3013 514 3072 thaleri
529 3013 586 3072 duo
601 3013 651 3076 da
652 3015 662 3073 i
638 3019 753 3075 t.snnt

290 3115 419 3177 Tandem
435 3116 572 3178 Glaserus
585 3120 723 3194 magister
736 3122 817 3180 venit
830 3123 913 3183 uobis
928 3139 1097 3198 prosperum
1111 3123 1168 3183 iter
1182 3128 1319 3252 precatus
1337 3141 1373 3184 aa

201 3225 313 3283 litteras
328 3222 367 3283 ad
381 3225 540 3299 principem
555 3241 639 3284 suum
653 3226 736 3287 nobis
752 3226 882 3287 tradidit.

289 3328 420 3404 Hospitis
434 3331 532 3402 uxori,
553 3328 652 3390 liberis
667 3333 697 3389 et
711 3327 850 3390 familiae
841 3351 872 3392 ιιι
886 3335 1054 3409 propinem,
1077 3339 1111 3392 ιιι
1123 3339 1241 3408 vocant,
1264 3335 1372 3396 thaleri

201 3439 266 3494 octo
288 3428 318 3494 ἰι
340 3435 416 3494 batzi
436 3451 487 3494 sex
507 3435 568 3494 dati
591 3442 665 3496 sunt.
701 3432 796 3495 Porro
817 3435 935 3499 Liborio
955 3439 1128 3514 iniunctum,
1151 3446 1185 3499 ut
1203 3440 1234 3498 in
1254 3441 1371 3500 tertiam

200 3555 292 3613 usque
307 3539 410 3598 abhinc
425 3538 499 3598 diem
514 3538 651 3612 Augustas
667 3548 899 3610 commoraretur.
1235 3576 1237 3579 -

288 3642 368 3701 Nota
386 3643 466 3714 quod
487 3639 649 3716 quanquam
668 3645 850 3706 Hermaunus
871 3665 890 3707 a
909 3648 1037 3711 Vicrmin
1056 3650 1134 3724 apud
1149 3656 1293 3711 nostrates
1307 3652 1370 3725 plo-

200 3748 291 3807 riatus
306 3747 352 3818 ιιι,
369 3759 400 3803 se
415 3746 536 3822 litteras,
552 3752 585 3806 ut
598 3749 639 3808 ite
653 3751 765 3824 loquar,
782 3755 972 3826 protectoriaa
988 3757 1006 3812 a
1020 3769 1128 3814 casare
1141 3756 1257 3828 habere,
1273 3764 1372 3818 tamen

198 3867 258 3912 non
273 3839 365 3908 minus
380 3849 427 3909 hio
442 3852 619 3914 consiliarios
634 3847 798 3929 imperiales
813 3858 850 3917 de
863 3859 1023 3928 redditibus
1038 3876 1073 3918 aa
1082 3859 1265 3921 facultatibus
1279 3863 1372 3938 ipsius

200 3953 415 4030 diligentissime
436 3958 552 4031 inquiri.
583 3960 675 4035 Adde,
698 3962 824 4036 Viglinm
844 3963 963 4025 dixisse:
987 3964 1091 4026 Videat
1109 3966 1293 4028 Hermaunus
1311 3987 1371 4044 qno

201 4047 316 4120 Theseo¹
327 4062 379 4120 has
394 4062 505 4122 litteras
520 4070 621 4125 nactus
636 4067 682 4124 sit.
707 4067 780 4127 Item
796 4068 832 4127 de
841 4068 979 4143 Vulpbila
992 4055 1070 4129 intus
1086 4077 1116 4130 et
1129 4072 1161 4129 in
1175 4077 1241 4132 cute
1254 4075 1372 4134 nomine

201 4168 231 4222 et
245 4165 373 4239 reslupo.
405 4168 639 4243 Interrogaverat
658 4189 773 4246 qnoque
792 4175 903 4248 Vighus
924 4173 1148 4251 Kniephausen;
1168 4177 1304 4251 quidnam
1325 4147 1396 4238 mis

201 4269 350 4328 comitibus
365 4285 384 4330 a
399 4271 540 4332 Waldeolt
554 4289 618 4333 cum
632 4275 789 4337 baronibus
804 4279 841 4338 de
855 4278 979 4355 Beuren,
996 4281 1046 4353 qui
1060 4281 1090 4339 iu
1102 4283 1210 4356 campis
1223 4282 1371 4344 latissimis

202 4371 365 4433 Sendtfeldt
378 4377 409 4433 in
423 4382 517 4436 castro
532 4379 646 4439 Beuren
661 4387 920 4471 commorarentur,
944 4372 1034 4459 esset,
1057 4387 1140 4459 quasi
1154 4387 1222 4459 quia
1239 4387 1320 4462 Argo
1339 4390 1373 4449 in

204 4479 385 4554 eipiscandis
400 4479 662 4560 eliorumneqociis
678 4490 819 4551 cadauer
832 4489 887 4548 hoc
900 4489 1033 4549 ιιιιιιιιι.
1211 4472 1216 4477 ’
