3017 5225
710 441 754 508 89

133 618 243 697 'inerit
259 622 378 698 nobiles,
394 622 552 684 nobilitatis
567 628 601 699 et
611 627 791 683 stemmatum
806 627 839 690 ut
852 624 992 684 rationem
1008 613 1315 709 habeant,'admoner·i‚

145 745 193 802 ne,
206 732 239 787 ut
247 728 332 812 modo
341 725 383 802 fit,
399 729 431 786 in
439 743 523 787 omne
532 729 633 789 vitium
641 729 803 802 praecipites
819 735 913 787 ruant.
937 729 1186 804 Hocmodoposse
1196 730 1317 804 putabat

137 833 193 893 rel
207 834 438 891 concionatorem
457 830 504 891 vel
517 839 653 905 parentes
673 834 719 891 vel
733 831 969 908 patremfamilias
990 823 1097 907 adequi
1112 851 1188 908 suos,
1204 837 1318 896 minime

145 953 216 996 vero
231 939 400 1010 permissum
420 938 457 995 iri
472 938 595 1010 aliquem
618 937 689 996 talia
711 936 793 996 dese
816 939 879 1010 ipso
902 938 1011 1012 dicere,
1037 938 1144 998 addens
1167 941 1222 1013 hic,
1240 941 1317 1012 quod

145 1035 276 1127 κάθαριις
289 1056 390 1114 graece,
407 1030 496 1100 latine
510 1042 640 1128 muudus,
656 1047 769 1102 cataros
785 1041 949 1116 hereticos,
974 1043 1051 1115 quod
1073 1059 1104 1111 se
1119 1045 1238 1104 mundos
1254 1061 1317 1104 esse

145 1147 354 1219 gloriarentur,
375 1145 466 1204 dictos
482 1162 571 1208 esec„
593 1146 742 1206 Postremo
753 1147 839 1220 iussit
855 1145 948 1220 Deum
965 1163 1015 1208 nos
1032 1163 1129 1222 orare,
1153 1155 1185 1207 ut
1199 1148 1326 1208 verbum⁴

146 1267 229 1309 suum
244 1250 328 1309 nobis
343 1249 449 1329 diutius
469 1239 571 1310 audire
592 1256 621 1309 et
636 1251 785 1324 praedicari
801 1251 969 1327 largiretur,
994 1269 1051 1325 quo
1064 1253 1102 1311 in
1117 1251 1188 1312 lesu
1204 1252 1316 1312 Christo

146 1357 178 1414 in
191 1356 243 1413 viti
257 1356 308 1414 illa
321 1371 392 1414 uera
407 1355 537 1428 palmites
553 1353 683 1428 frugiferi
698 1354 841 1414 fieremus,

157 1499 160 1505 ,
236 1459 378 1520 Melchior
392 1477 411 1519 a
425 1461 554 1520 Horstall
569 1467 599 1520 et
614 1461 797 1540 Hermannus
812 1461 945 1523 Reidesel
962 1462 1043 1520 nobis
1059 1463 1134 1522 obvii
1150 1459 1229 1522 finnt.
1259 1464 1317 1538 Sub

146 1565 269 1640 prandio
284 1564 448 1640 Wulphilas
464 1564 657 1626 Brabantinus
672 1583 690 1625 a
704 1582 827 1626 noverca
848 1568 885 1627 ad
905 1565 1010 1626 fratres
1025 1572 1138 1628 nostros
1153 1568 1316 1627 literasde·

146 1669 242 1729 icreus
269 1671 361 1743 veuit,
388 1670 509 1729 salutem
528 1685 641 1743 quoqne
665 1672 810 1730 uxorculae
836 1673 949 1730 nomine
970 1671 1075 1744 dicens.
1115 1672 1226 1731 Detulit
1250 1656 1317 1731 eta'

139 1775 336 1834 'Schoustadio
348 1780 378 1833 et
388 1775 553 1833 Hermanno
568 1775 664 1836 Nellio
679 1792 752 1834 uuas
768 1776 848 1835 uobis
862 1777 970 1849 literas,
987 1775 1063 1834 facts
1078 1776 1316 1838 abbatisBreide-

146 1878 288 1951 buriensis,
301 1877 480 1939 Flecbtoriiii
493 1886 522 1939 et
528 1861 849 1939 Volkmariensiumetc.
860 1882 1048 1940 continentes.
1064 1883 1205 1941 loannem
1214 1883 1316 1940 Milch·

145 1984 254 2058 lingum
268 1984 305 2043 ad
312 1985 467 2044 Ernestum
476 1984 576 2044 ducem
588 1986 766 2058 miseramus,
782 1978 834 2043 s'ed
843 2001 895 2043 nec
904 1985 988 2044 modo
1004 1988 1155 2044 convenire
1166 2003 1229 2045 euru
1245 1993 1316 2046 erut.

236 2088 347 2147 Eadem
366 2089 397 2146 in
423 2089 531 2164 templo
554 2090 684 2148 Mauritli
713 2077 778 2147 loco
806 2091 1034 2164 vespertinarum
1053 2083 1175 2172 'precum
1199 2093 1318 2150 ecclesie

145 2193 286 2267 psalmum
302 2194 427 2267 aliquem
442 2195 552 2252 cecinit.
590 2195 703 2253 Deinde
722 2197 813 2254 lector
832 2201 919 2268 caput
936 2199 964 2253 2.
989 2196 1117 2269 epistolas
1138 2195 1176 2254 ad
1199 2194 1317 2254 Galatas

147 2298 227 2371 legit.
260 2297 372 2357 Rursus
387 2298 507 2358 ecclesia
522 2305 609 2358 cantu
624 2317 647 2358 s.
664 2300 796 2373 spiritum
811 2299 976 2376 invocabat,
997 2306 1027 2357 et
1042 2315 1107 2358 mox
1122 2299 1252 2360 dominus
1266 2300 1316 2359 «Ιο-
1422 2295 1426 2305 ’

147 2417 239 2460 annes
252 2383 395 2461 llenricns
416 2419 452 2461 ex
472 2420 534 2477 cap.
555 2407 593 2462 12
618 2405 748 2478 epistolae
764 2405 792 2463 d.
809 2405 892 2464 Pauli
911 2405 951 2478 ad
970 2403 1119 2466 Romanos
1137 2405 1198 2462 haec
1212 2405 1316 2464 verba:

151 2505 303 2566 «Gaudete
326 2523 390 2566 cum
405 2509 599 2586 gaudentibus
607 2514 644 2583 ,et
657 2507 725 2568 flete
739 2526 803 2569 cum
817 2508 966 2583 flentibus,
991 2508 1091 2569 eodem
1106 2511 1200 2568 animo
1216 2509 1278 2592 alii!
1288 2510 1317 2567 in

147 2614 219 2673 alios
239 2612 350 2687 affecti,
370 2597 447 2672 ⁴non
469 2619 641 2687 arroganter
664 2601 699 2673 de
715 2616 795 2675 vobis
809 2617 879 2691 ipsis
895 2618 1063 2688 sentientes,
1093 2615 1145 2674 sed
1166 2616 1318 2674 humilibus

147 2731 198 2776 vos
213 2717 468 2799 accommodantes.
492 2719 537 2777 Ne
552 2721 614 2778 sitis
633 2726 801 2793 arrogantes
821 2720 898 2793 apud
913 2726 1021 2779 vosmet
1041 2722 1127 2793 ipsos,
1153 2736 1245 2793 neque
1260 2720 1318 2778 cui·

148 2805 235 2896 cuam
249 2824 354 2882 malum
370 2840 423 2899 pro
438 2824 681 2899 maurophoris»
693 2828 826 2910 exposuit
840 2803 955 2901 populo,
972 2803 1100 2888 indicans
1115 2839 1201 2897 ‹puam
1215 2824 1317 2909 noxium

148 2930 185 2987 sit
199 2928 363 2989 ambitionis
378 2928 504 3004 morbus,
529 2911 606 3003 quod
621 2935 651 2989 et
664 2931 757 3005 ipsum
772 2933 978 3005 scripturarum
1001 2932 1163 2991 testimonio
1179 2935 1208 2989 ct
1222 2946 1316 2988 exem·

147 3035 203 3108 plis
218 3031 292 3093 adeo
306 3032 456 3107 perspicue
472 3034 579 3106 docuit,
602 3040 636 3092 ut
649 3036 695 3094 vel
709 3036 840 3096 manibus
856 3038 975 3111 palpare
990 3011 1098 3110 posses,
1116 3052 1200 3109 quam
1217 3037 1317 3106 animis

147 3141 275 3199 omnium
299 3154 335 3199 ex
358 3144 495 3214 corrupta
514 3145 619 3198 natura
638 3141 663 3197 is
685 3140 801 3199 morbus
816 3142 934 3201 haereat.
973 3141 1011 3198 Et
1025 3142 1067 3223 sic
1080 3120 1194 3214 singula
1208 3143 1238 3200 in
1252 3158 1323 3200 suas

147 3245 254 3303 classes
278 3244 437 3303 christiana
456 3243 608 3318 diligentia
628 3243 761 3317 digessit,
781 3245 885 3317 jubens
908 3251 941 3304 ut
964 3246 1133 3303 dominicum
1155 3245 1243 3319 illum,
1268 3247 1317 3323 qui

147 3351 240 3409 nostri
255 3366 342 3409 causa
356 3348 464 3407 nullum
478 3363 537 3406 non
549 3348 684 3421 injurium
699 3366 853 3423 perpessus
869 3355 922 3423 est,
936 3350 1128 3423 imploremus,
1146 3365 1202 3421 quo
1215 3350 1317 3407 conce-¹

132 3446 200 3540 ¹slat
223 3454 304 3514 nobis
324 3454 448 3513 animum
469 3454 589 3511 inimicis
612 3453 829 3515 benevolentem
850 3456 892 3512 et
906 3454 1036 3527 spiritum
1059 3455 1207 3513 adinstar
1228 3455 1317 3526 ipsius

147 3558 269 3633 domini,
292 3564 480 3637 posteaquam
499 3558 575 3617 idem
597 3558 729 3619 dominus
748 3576 801 3624 uus
821 3560 941 3619 humiles
962 3560 1065 3632 spiritu
1080 3573 1143 3618 esse
1158 3560 1316 3633 imperavit.

148 3663 282 3724 Adduxit
298 3670 329 3723 et
342 3666 435 3723 locum
451 3664 535 3725 Pauli
550 3678 586 3745 ex
600 3663 830 3738 Philippensibus
847 3669 865 3722 2
882 3680 944 3741 cap.
959 3665 1035 3723 hunc
1047 3666 1169 3723 scilicet:
1197 3664 1251 3722 «Si.
1261 3680 1318 3737 qua

146 3770 239 3843 igitur
245 3770 402 3830 consolatio
411 3770 442 3826 in
456 3767 580 3841 Christo,
596 3769 621 3827 si
630 3769 708 3842 quod
717 3770 849 3829 solatium
866 3770 1033 3844 dilectionis,
1050 3772 1074 3828 si
1085 3786 1148 3843 quse
1158 3770 1318 3828 communio

147 3875 276 3947 spiritus,
301 3875 326 3932 si
341 3872 524 3949 qua'riscera
539 3879 569 3931 et
583 3874 781 3935 miserationes
804 3864 941 3949 complete
957 3890 1051 3951 meum
1066 3875 1208 3948 gaudium,
1232 3878 1265 3931 ut
1280 3874 1317 3931 si-

144 3980 254 4040 militer
268 3975 362 4038 affecti
373 3979 444 4062 sitis,
460 3979 581 4039 eandem
590 3977 760 4046 charitatem
773 3979 921 4053 habentes,
934 3956 1092 4059 unanimes,
1102 3979 1177 4037 idem
1193 3978 1317 4037 sentien-

146 4090 210 4143 tes»
227 4082 305 4160 (vide
320 4083 406 4165 latius
422 4088 508 4157 caput
518 4086 536 4143 2
547 4100 592 4156 cp.
609 4083 802 4159 adPhilipp.).
818 4085 889 4144 Post
903 4085 1067 4143 conderem
1082 4070 1195 4143 domino
1210 4063 1318 4157 gratias

147 4190 208 4262 egit
224 4187 345 4247 ecclesia
356 4202 391 4246 ac
401 4189 441 4246 sic
454 4204 517 4271 cum
532 4188 732 4247 benedictione
742 4190 772 4268 in
784 4204 856 4263 pace
871 4188 908 4248 ab
918 4188 1082 4252 ecclesiaste
1093 4187 1201 4247 dimissi
1211 4172 1317 4246 sumus.

225 4292 347 4373 ¹Eadem
363 4292 531 4353 wilhelmus
547 4310 640 4353 comes
659 4310 678 4351 a
692 4293 813 4352 Nassaw
822 4291 1144 4366 ›majorem—electorum
1165 4297 1193 4351 et
1212 4288 1326 4365 princi·'

72 4395 79 4401 ’
148 4414 218 4473 pum
233 4401 346 4471 partem
362 4398 492 4457 cenvirio
503 4401 628 4475 excepit.
703 4424 707 4427 ·

237 4501 392 4577 Magistro¹
409 4500 526 4562 Liborio
553 4504 711 4581 injunctum
731 4508 789 4577 est,
819 4509 861 4571 ut,
878 4502 973 4563 comiti
1003 4518 1022 4559 a
1043 4500 1161 4559 Nassau
1184 4500 1317 4573 iniuriam
