3017 5225
699 409 763 475 4⁷⁷

230 586 366 651 Lssrorius
382 584 616 666 capitulationem
628 593 690 666 jam
704 591 792 651 tertio
806 589 966 665 reportarit
987 599 1016 654 et
1031 593 1102 653 nihil
1117 597 1147 654 in
1163 611 1198 655 ca
1213 595 1317 656 motam

128 697 221 770 'passi
231 687 312 756 sant,
332 699 485 757 iusserant
496 714 566 758 vero
575 697 853 772 Vigiius-etSeldus,
868 703 900 756 ut
910 714 973 756 cem
989 699 1026 758 ad
1041 699 1178 760 mnndum
1192 679 1317 762 describi

138 818 284 861 cumarum
308 802 439 875 Rogatus
454 808 499 860 ιιι
512 802 601 876 igitur
614 803 748 876 Lindius,
771 803 819 874 qui
835 818 897 860 eam
917 804 947 862 in
969 803 1141 864 membranis
1155 804 1317 879 descripsit,

139 912 172 966 et
185 923 224 964 ιιι
239 906 329 980 gratis
343 907 463 978 punirer
476 907 519 964 illi
533 905 677 966 thalernm
692 906 758 966 dedi
773 908 835 979 ipso
851 911 946 966 tamen
961 907 1136 982 refragante.

231 1012 317 1070 Anno
333 996 433 1085 elapso
449 994 673 1084 christophorus
688 1027 788 1070 comes
797 1010 834 1070 ab
848 1010 1008 1085 Altenbnrg
1023 1017 1053 1070 et
1067 1011 1143 1072 Dido
1158 1011 1195 1072 ab
1209 1013 1318 1086 Kniep·

138 1117 255 1175 hausen
270 1118 301 1174 in
315 1128 400 1174 nsum
413 1115 555 1174 Friderici
575 1117 686 1173 comitis
701 1115 826 1174 Palatini
847 1115 943 1172 decem
964 1116 1042 1174 milia
1061 1117 1189 1190 peditum
1209 1118 1316 1190 stipen-

138 1220 199 1278 diis
214 1200 419 1280 conduxerant.
452 1219 510 1278 Sed
525 1234 615 1292 opera
628 1218 777 1278 cattorum
791 1221 930 1293 principis
944 1218 992 1278 hio
1007 1222 1148 1280 exereitus
1163 1222 1317 1281 distractus

140 1331 197 1399 est,
214 1325 257 1382 ita
270 1329 304 1382 nt
318 1324 452 1384 Liborius
466 1323 657 1388 Monichusen
680 1325 782 1382 caesari
802 1323 832 1383 ιι
846 1324 994 1386 Friderico
1015 1324 1239 1400 Christophorus
1254 1339 1317 1384 cum

138 1430 203 1488 suis
216 1429 416 1502 supplemento
431 1429 573 1490 exercitus
588 1433 694 1486 essent.
992 1494 997 1510 Ι
1032 1469 1035 1472 -

231 1533 311 1592 Nota
324 1532 360 1591 de
375 1533 478 1591 litteris
492 1549 531 1604 vp
546 1531 600 1590 der
613 1532 743 1592 Vbeinde
758 1533 853 1593 Landt
869 1537 922 1592 etc.
959 1559 963 1568 =

233 1637 278 1696 De
293 1637 523 1712 prosternatione
538 1643 606 1696 ante
620 1638 757 1696 cesarem
772 1638 865 1698 adbuc
879 1640 909 1696 in
924 1638 1009 1697 dnbio
1025 1644 1077 1697 cst.

232 1743 282 1799 xix
296 1742 392 1815 Junii,
418 1753 485 1814 qnae
499 1745 544 1799 est
558 1740 620 1800 dics
635 1742 844 1802 audiendarum
869 1743 914 1817 (ιι
928 1741 1044 1818 vocant)
1060 1745 1090 1803 in
1105 1745 1200 1802 castro
1216 1737 1315 1804 Wald·

140 1846 207 1904 eck.
244 1846 332 1904 Faxit
353 1844 424 1904 dens
442 1850 478 1904 nt
499 1861 569 1904 snus
590 1845 681 1904 bonos
701 1844 808 1906 ibidem
823 1851 986 1919 quaretur,
1003 1846 1112 1906 Eadem
1127 1849 1225 1920 inquio
1241 1846 1317 1912 infra

139 1956 255 2009 sextam
277 1956 307 2010 ιι
329 1952 478 2023 septimam
498 1951 585 2009 boras
600 1944 799 2024 Wolffgangus
820 1952 967 2010 Musonius
988 1967 1024 2010 ex
1044 1967 1106 2026 cap.
1125 1953 1172 2010 ¹15
1195 1953 1316 2011 ioannis

138 2055 327 2128 evangeliste
341 2054 403 2113 baec
418 2051 509 2113 verba
522 2055 671 2112 recitavit:
697 2054 777 2114 »Sed
791 2055 852 2113 baec
868 2055 962 2113 omnia
976 2053 1083 2114 facient
1096 2053 1177 2114 vobis
1192 2062 1313 2129 propter

138 2176 247 2220 nomen
260 2173 364 2233 meum,
380 2160 450 2232 quia
463 2175 523 2217 non
532 2163 675 2217 noverant
689 2175 763 2232 eum,
780 2160 831 2231 qui
843 2159 920 2217 misit
934 2175 999 2218 mc«
1012 2165 1065 2217 ιιι.
1088 2159 1143 2216 Hic
1158 2158 1230 2216 dixit
1245 2175 1315 2232 qno-

138 2264 227 2327 modo
242 2264 373 2323 dominus
388 2279 455 2322 suos
470 2263 508 2322 ad
522 2263 676 2322 instantem
691 2264 918 2337 persecutionem
934 2264 1099 2323 cohortatus
1114 2264 1151 2322 sit
1166 2264 1196 2321 et
1210 2263 1313 2336 quibus

137 2370 314 2443 argumentis
329 2384 427 2427 eorum
442 2368 553 2437 animos
568 2366 752 2442 confirmarit,
777 2383 808 2426 se
829 2368 927 2441 elapsa
942 2369 994 2428 die·
1005 2368 1145 2427 dominica
1156 2369 1187 2426 in
1202 2367 1312 2428 duabus

136 2470 322 2534 concionibus
337 2474 513 2546 exposuisse.
533 2473 621 2532 Nunc
635 2479 732 2533 antem
747 2489 791 2546 ea,
808 2489 872 2546 quse
887 2472 1024 2546 praelecta
1038 2474 1104 2546 sint,
1120 2471 1314 2546 probe‘excu-

136 2586 202 2639 tere
217 2582 362 2651 oportere.
400 2576 505 2636 Paucis
519 2578 609 2651 igitur
624 2576 753 2652 praefatis
768 2579 843 2636 bunc
857 2593 1031 2651 sermonem,
1056 2557 1189 2636 nimirum
1205 2579 1241 2637 de
1256 2591 1313 2637 em·

136 2684 224 2759 pbasi
237 2682 390 2741 verborum
405 2683 487 2740 »baec
501 2684 596 2741 omnia
610 2680 717 2741 facient
730 2683 831 2741 vobis«
849 2686 903 2741 etc.
920 2698 986 2754 qnae
1000 2682 1057 2740 sint
1071 2683 1133 2740 baec
1149 2685 1245 2741 onmia
1259 2700 1311 2756 ag·

139 2804 258 2861 gressus
273 2792 325 2845 est.
363 2786 415 2844 Ait
438 2791 535 2845 autem
553 2778 607 2861 per
630 2788 691 2845 baec
705 2787 794 2845 verba
809 2786 845 2845 de
867 2787 957 2845 tribus
972 2786 1150 2867 potissimum
1165 2786 1313 2847 dominum

139 2894 257 2965 dixisse,
273 2892 382 2950 scilicet
396 2891 432 2949 de
442 2892 571 2964 genuino
584 2892 684 2950 mundi
699 2897 729 2950 et
742 2904 858 2949 suonam
873 2893 903 2949 in
912 2908 961 2951 eos
971 2891 1046 2966 odio,
1058 2892 1093 2950 dc
1103 2873 1311 2965 persecutione,

138 2973 262 3071 et'qnod
281 2994 402 3056 verbum
421 2995 499 3069 apud
519 3012 568 3054 eos
591 3013 649 3056 uon
669 2996 707 3054 sit
727 2995 893 3055 habiturum
913 2998 1005 3056 locum
1031 3011 1084 3055 neo
1104 2996 1162 3054 ullo
1176 2996 1268 3055 -modo
1283 2995 1313 3055 id

18 3114 22 3122 ·
138 3100 362 3174 suscepturirvel
375 3100 417 3156 illi
431 3099 625 3160 obedientiam
640 3102 798 3173 praebituri
813 3102 879 3159 sint.
925 3102 1073 3159 Praetores
1087 3116 1227 3173 perquam
1242 3102 1313 3175 scite

139 3205 202 3263 odii
221 3205 368 3278 energiam
387 3210 418 3263 et
436 3221 500 3277 qnae
521 3221 558 3263 ιιι
577 3203 818 3263 ιιιιιιιιιιιιιιιιι
836 3204 982 3262 indicavit.
1006 3204 1099 3261 ‘Num'
1111 3217 1147 3261 ex
1162 3204 1229 3262 odio
1244 3219 1312 3277 pro-

139 3314 279 3381 rumpunt
295 3302 431 3383 condeio,
448 3295 649 3383 detractiones,
669 3307 818 3367 mendacia
834 3313 863 3366 et
878 3304 1012 3379 quicquid
1025 3307 1110 3381 buius
1124 3306 1213 3365 lernae
1228 3309 1312 3365 vitio·

138 3430 206 3471 rum
221 3418 274 3487 est,
290 3415 375 3472 sicuti
388 3412 542 3472 dici'solet.
551 3400 564 3413 χ
580 3414 619 3471 Os
634 3414 740 3471 inimici
760 3412 910 3471 veritatem
931 3427 990 3470 non
1004 3403 1139 3483 loquitor,
1156 3408 1246 3469 odder
1260 3411 1312 3469 wie

139 3534 210 3575 mun
223 3518 290 3576 redt
304 3517 481 3577 vffvnnserc
491 3518 617 3589 Sprach:
632 3518 692 3576 Des
707 3516 819 3577 mendts
828 3516 934 3575 Mondt
947 3516 1014 3575 rcdt
1027 3516 1139 3575 seltenn
1154 3514 1200 3573 die
1206 3514 1311 3579 Wahr·

139 3618 223 3679 hcitt.
261 3622 302 3681 Et
315 3623 369 3682 boc
383 3622 477 3695 ipsum
491 3637 528 3679 cx
542 3620 669 3680 historiis
684 3622 775 3680 sacris
797 3621 930 3695 probavit
939 3664 953 3693 ,.
969 3627 999 3680 ιι
1012 3620 1191 3693 potissimum
1206 3624 1314 3693 quanta

140 3725 252 3784 scelera
265 3727 333 3784 olim
347 3726 442 3785 Jndaei
457 3725 571 3784 Christo
587 3742 640 3800 per
653 3726 791 3783 iuvidiam
806 3730 835 3784 ιι
853 3725 1038 3807 mendacium
1046 3725 1211 3799 objecerint,
1228 3723 1313 3795 quale

140 3827 197 3888 init
209 3829 289 3903 ilind,
304 3836 338 3888 ut
352 3846 416 3889 cnm
431 3828 577 3887 dominum
591 3845 688 3888 coram
703 3830 799 3890 Pilato
814 3834 959 3904 accusant,
973 3831 1066 3902 ipsum
1081 3844 1197 3887 censum
1212 3828 1313 3885 cesari

141 3933 212 3993 dare
227 3934 408 4005 prohibuisse
429 3939 641 3994 etsermonem
663 3935 726 4006 eJ'us
745 3935 932 4008 inverterint,
956 3950 1020 3995 cum
1035 3933 1164 3991 Christus
1180 3932 1312 3991 dixisset:

141 4036 227 4112 Date,
244 4044 392 4111 quaesunt
405 4039 529 4112 casaris,
546 4039 656 4111 caesari,
673 4043 703 4097 et
717 4054 782 4112 quse
798 4044 865 4097 sunt
886 4040 945 4111 dei,
964 4038 1026 4097 deo.
1037 4038 1090 4097 ,Et
1104 4038 1158 4095 boc
1172 4035 1235 4094 loco
1251 4050 1311 4095 ser.-

140 4158 253 4201 monem
265 4123 444 4203 intersecans
459 4143 607 4201 Musonius
628 4141 704 4217 (Hoc
718 4142 812 4217 ipsum
835 4143 910 4201 enim
931 4158 1042 4215 aequum
1058 4146 1102 4200 est
1117 4141 1202 4199 ctsic
1216 4137 1313 4198 facere

141 4248 233 4323 decet,
258 4250 392 4308 nimirum
409 4253 448 4308 ut
461 4264 551 4305 caesar
570 4242 708 4319 tunquam
727 4262 817 4305 caesar
839 4250 1011 4321 agnoscatur
1026 4250 1055 4303 et
1070 4254 1133 4318 quae
1148 4244 1191 4303 illi
1205 4242 1311 4302 deben-

140 4360 189 4412 tnr
203 4354 309 4413 dentur
323 4368 453 4427 quoque,
473 4351 529 4411 deo
544 4356 640 4410 antem
655 4366 706 4423 ea,
729 4364 795 4422 qnae
811 4350 856 4409 dei
871 4356 938 4409 sunt
953 4356 983 4409 et
998 4350 1045 4408 dei
1060 4349 1180 4423 gloriam
1195 4362 1311 4406 concer-

140 4452 225 4532 nunt)
241 4474 276 4516 ac
291 4458 333 4517 sic
346 4459 490 4531 inceptum
510 4471 672 4515 sermonem
690 4447 868 4528 prosequens
889 4456 944 4514 ait:
966 4455 1046 4533 Sicut
1061 4459 1090 4512 et
1103 4452 1159 4509 hoc
1173 4449 1313 4509 mendacii

184 4582 300 4624 Wsldeok.
489 4635 497 4647 x
1060 4560 1098 4613 12
