3017 5225
175 630 229 687 lius
245 634 298 687 etc.
338 628 412 686 Nam
427 626 565 699 supprimi
581 624 666 685 debet
683 627 715 698 is,
733 627 782 699 qui
797 627 881 686 modo
898 632 951 702 est,
967 628 1115 701 religionis
1131 630 1232 688 stains.
1271 628 1348 701 Quid

174 734 311 793 iaciemus
324 728 460 813 modom?
481 731 521 789 Et
534 731 575 789 its
590 748 608 791 a
622 730 728 803 templo
743 724 877 789 Mauricii
898 733 1020 791 invicem
1040 748 1201 800 sermonem
1223 736 1345 809 protuli-

83 842 86 849 '
175 854 239 899 mus
252 837 344 897 donec
358 839 388 895 in
402 834 497 893 iorum
509 838 585 893 ante·
596 834 710 893 domum
725 837 900 899 senatoriam
914 836 945 893 in
959 837 1049 894 latum
1064 836 1135 894 illud
1150 840 1283 910 spatium,
1299 839 1349 897 ubi

175 940 317 1001 adextris
341 940 514 1015 patibulum,
537 955 556 997 a
576 939 698 1015 sinistris
720 932 904 998 aediiiciolum'
915 939 993 997 istud
1002 940 1044 999 *ex
1058 942 1203 1000 asseribus
1217 958 1348 1015 compac-

174 1052 245 1119 tum,
265 1046 295 1104 in
317 1062 374 1118 quo
389 1027 611 1116 Vogelsbergius
627 1044 720 1117 capite
735 1044 836 1116 plexus
851 1048 925 1116 erat,
948 1044 1123 1103 devenimus.
1171 1046 1261 1105 Novit
1277 1047 1349 1105 deus

174 1138 320 1223 inspector
336 1150 443 1222 cordis,
481 1150 544 1221 quis
566 1148 705 1205 sintoutes
721 1151 854 1206 autnon.
891 1147 937 1206 Re
957 1149 1024 1221 ipsa
1041 1154 1138 1207 tamen
1158 1152 1347 1223 comperimus

174 1254 265 1327 magis
281 1252 399 1313 infestas
415 1269 477 1311 esse
492 1262 617 1311 summas
632 1255 790 1324 potestates
799 1268 869 1324 erga
881 1252 1032 1311 veritatem
1042 1254 1256 1327 amplectentes.
1274 1253 1349 1325 Quia

174 1359 263 1431 igitur
282 1359 355 1416 hora
374 1364 550 1430 accesserat,
572 1374 630 1429 qua
653 1346 760 1415 curiam
783 1356 964 1416 consultandi
984 1358 1079 1429 gratia
1098 1362 1214 1429 petunt,
1231 1357 1346 1415 domino

173 1460 283 1521 Jacobo
306 1478 350 1525 me
368 1462 407 1521 ad
429 1463 582 1521 amicitiam
605 1465 635 1518 et
655 1459 750 1519 officia
772 1460 876 1533 obtuli,
904 1476 1011 1534 rogans
1033 1465 1066 1517 ut
1086 1461 1216 1518 Martiuo
1233 1460 1347 1519 Bucero

175 1582 240 1626 meo
256 1568 370 1626 nomine
385 1566 506 1624 salutem
521 1565 637 1623 diceret.
659 1564 695 1623 .0
710 1570 850 1638 tempora,
866 1580 884 1622 o
898 1567 1007 1623 mores!
1035 1565 1171 1638 Respice,
1187 1582 1206 1624 o
1221 1566 1301 1637 deus,
1316 1566 1347 1622 in

174 1669 277 1729 faciem
294 1668 399 1729 Christi
415 1671 457 1728 tui
473 1674 502 1728 et
516 1673 656 1727 memento
672 1669 869 1741 promissionis
883 1672 956 1745 tuae,
978 1669 1028 1740 qui
1041 1666 1143 1727 fallere
1157 1669 1268 1740 nequis.
1291 1667 1345 1726 Di·

173 1773 242 1831 xisti
258 1774 349 1846 enim,
372 1774 595 1835 misericordiam
615 1778 693 1832 tuam
713 1778 742 1831 te
763 1789 821 1830 non
835 1772 999 1831 ablaturum
1014 1790 1032 1831 a
1045 1773 1168 1844 posteris
1183 1778 1213 1834 ct
1226 1773 1345 1831 cohere-

172 1876 257 1939 dibus
271 1876 391 1937 Davidis
406 1878 482 1937 illius
497 1878 609 1950 mystici
624 1876 677 1935 filii
691 1878 733 1936 tui
747 1878 819 1935 Jesu
832 1863 984 1936 benedicti.
1016 1876 1089 1950 Cito,
1106 1877 1163 1936 cito
1178 1892 1231 1935 nos
1246 1878 1347 1935 antici-

174 1985 245 2054 pent
260 1982 463 2042 misericordiae
479 1989 549 2056 tuee,
573 1983 758 2056 pauperiores
774 1982 849 2038 enim
870 1996 983 2055 sumus,
1008 1997 1094 2053 qoam
1113 1982 1168 2055 ipsi
1189 1996 1346 2053 agnoscere

174 2102 321 2157 queamus.
345 2088 451 2149 Verum
466 2090 517 2145 tua
531 2092 631 2145 sancta
645 2085 779 2145 voluntas
793 2082 854 2144 fiat.
876 2084 978 2143 Amen.
1001 2166 1004 2169 Ι

262 2189 372 2251 Eadem
388 2198 456 2249 ante
471 2192 636 2251 concionem
659 2188 735 2250 infra
750 2190 879 2263 quintam
893 2195 923 2248 et
937 2190 1087 2261 septimam
1101 2189 1189 2248 horas
1203 2192 1343 2261 capitula-

174 2294 281 2353 tionem
296 2312 396 2354 mauus
411 2310 484 2353 meae
498 2295 707 2367 subscriptione
722 2300 751 2352 et
766 2293 872 2353 annulo
887 2294 1045 2366 signatorio
1059 2296 1090 2351 in
1104 2294 1231 2368 hospitio
1245 2300 1345 2380 nostro

173 2398 421 2458 corroboravimus
438 2398 502 2475 (rex
514 2414 635 2472 regnum
650 2394 781 2472 adverte)
797 2414 834 2455 oc
846 2412 910 2456 eam
929 2397 1047 2457 Liborio
1063 2396 1226 2457 doctoribus
1248 2398 1343 2470 Viglio

174 2508 204 2561 ct
219 2502 305 2561 Seldo
320 2500 494 2561 offerendam
510 2502 648 2574 dediscas,
665 2504 714 2575 qui
728 2508 867 2575 uncaque
881 2518 940 2561 una
958 2500 1066 2575 reperit
1080 2501 1187 2575 diceus,
1203 2502 1344 2576 capitula·

173 2606 280 2665 donem
298 2604 417 2678 quidem
435 2612 467 2665 ut
482 2607 636 2680 jussissent
657 2623 713 2679 per.
730 2625 776 2666 me
795 2607 997 2680 subscriptam,
1027 2612 1153 2691 attamen
1176 2624 1221 2666 me
1239 2608 1350 2667 bonam·

174 2725 254 2784 spem
270 2711 432 2782 concepisse
452 2717 481 2770 et
495 2712 617 2785 idipsum
637 2729 750 2786 quoque
770 2729 816 2771 mc
838 2713 932 2771 abeis
952 2717 1065 2785 petere,
1085 2718 1119 2771 at
1133 2714 1158 2770 si
1173 2729 1231 2785 qua
1245 2718 1344 2784 posset

175 2813 249 2888 fieri,
265 2831 373 2874 summa
388 2817 573 2875 minueretur.
611 2817 666 2876 Ast
679 2822 777 2876 manet
790 2817 942 2876 immobilis
956 2817 1105 2889 Marpesia
1120 2821 1231 2875 canter.
1270 2816 1344 2886 Quia

173 2925 269 2978 autem
284 2920 355 2977 nihil
368 2899 548 2983 horum'fieri
564 2937 649 2992 posse
660 2922 791 2994 cognovi,
807 2937 857 2979 eos
871 2921 982 2994 rogavi,
998 2923 1031 2978 ut
1043 2922 1279 2994 capitulationem
1293 2935 1342 2979 ac-

173 3022 301 3094 ciperent
315 3022 500 3082 Atrebatensi
518 3041 573 3098 per
592 3025 714 3082 alterum
730 3040 830 3083 eorum
844 3010 1032 3097 offerendam,
1056 3023 1133 3097 quod
1147 3025 1259 3097 Viglius
1275 3025 1342 3083 Zui·

174 3126 280 3186 manus
295 3143 326 3186 sa
340 3125 484 3190 facturum
499 3130 616 3202 recepit.
639 3128 787 3187 Abeuntes
801 3135 898 3188 autem
912 3129 942 3186 hi
956 3128 1014 3187 dno
1028 3128 1258 3207 Atrebatemem,
1272 3129 1342 3201 viga

139 3254 142 3259 ·
170 3230 238 3303 lius,
254 3232 349 3298 nescio
365 3233 459 3292 studio
474 3251 511 3292 an
525 3233 635 3292 incuria
648 3231 763 3305 iecerit,
786 3217 896 3307 ajebat,
918 3249 950 3291 se
965 3233 1042 3292 domi
1057 3249 1117 3290 suae
1132 3231 1346 3305 capitulationis

174 3334 293 3395 oblitum
308 3335 405 3396 ivdsse.
434 3337 598 3410 „Commode
620 3343 720 3396 autem
731 3337 848 3410 accidit,
871 3341 905 3394 ut
919 3337 1024 3395 Florus
1045 3338 1108 3408 ipse
1122 3334 1344 3394 luebatemem

174 3441 340 3500 conveniret
346 3447 400 3500 etc.
415 3443 458 3499 Ac
473 3443 670 3515 petitoriam
679 3442 776 3502 oblata
789 3441 995 3515 capitulatione
1007 3457 1054 3500 res
1066 3456 1101 3500 co
1116 3439 1202 3512 dirigi
1216 3445 1343 3514 possent,

174 3559 213 3601 ne
228 3543 343 3618 diutius,
360 3547 437 3618 quod
452 3548 551 3618 utique
566 3548 691 3604 maximo·
702 3562 831 3604 mearum
845 3562 942 3605 rerum
957 3545 1107 3618 dispendio
1121 3543 1212 3619 tieret,
1235 3542 1345 3602 frustra

173 3646 219 3719 hic
236 3648 387 3720 detineret,
403 3655 431 3706 ct
446 3654 478 3706 ut
492 3649 597 3708 litterae
613 3648 802 3710 absolutionis
816 3636 1022 3729 ‘cumlarticulis
1036 3649 1155 3721 aliquot,
1171 3665 1243 3721 quos
1258 3654 1345 3708 antea

173 3749 277 3808 Florus
292 3755 462 3835 mutaverat,
479 3753 620 3812 conscribi
634 3759 761 3825 possent.
784 3754 983 3813 Atrebatensis
997 3757 1093 3812 autem
1107 3754 1223 3812 interim
1236 3754 1343 3826 gloria-

173 3860 220 3912 tus
236 3859 289 3929 est,
306 3871 391 3926 quam
413 3856 556 3929 egregiam
576 3872 692 3930 operam
716 3859 807 3916 nostri
822 3873 892 3931 ergo
903 3863 1047 3916 navasset.
1085 3851 1178 3930 Nosti,
1194 3858 1296 3930 inquit,
1311 3851 1345 3914 tu

174 3956 287 4017 domin'e
302 3963 332 4016 ct
346 3959 407 4030 ipse
418 3957 515 4020 vidisti
530 3962 600 4035 quid
613 3963 729 4036 egerim,
743 3967 773 4022 et
786 3961 880 4020 adbuc
893 3979 951 4021 nou
965 3961 1084 4020 cessabo
1099 3961 1207 4019 domini
1221 3953 1264 4019 t'ui
1277 3977 1344 4034 pro-

175 4061 281 4120 fectum
296 4079 433 4150 quarere.
472 4067 515 4124 Ac
534 4068 575 4124 sic
590 4067 707 4127 Liborio
726 4051 872 4142 paululum
892 4071 1045 4140 expectare
1060 4067 1149 4148 ‚iusso
1165 4067 1282 4126 tandem
1295 4081 1343 4124 re-

173 4173 272 4224 versus
288 4170 341 4226 ait:
357 4169 384 4226 A
398 4170 521 4240 prandio
536 4172 640 4230 iterum
655 4189 699 4230 ma
715 4171 869 4231 convenias
884 4187 971 4232 cura..
1087 4213 1092 4217 -
1296 4237 1300 4240 ⁴

247 4271 387 4330 ›Oonmns
402 4279 497 4333 autem
503 4275 637 4336 Liberius
653 4253 880 4348 provolutionem
889 4273 926 4334 ad
937 4275 1028 4349 pedes
1041 4277 1157 4335 caesaris
1165 4277 1190 4333 si
1205 4290 1262 4347 qna
1276 4265 1345 4347 pos·

173 4381 218 4434 set
230 4377 351 4434 amoliri.
388 4378 495 4436 Verum
510 4379 660 4452 episcopus
683 4380 835 4439 subridens
855 4380 886 4439 id
900 4380 1021 4438 maxime
1035 4379 1099 4440 fieri
1114 4380 1272 4453 oportebit,¹
1287 4381 1342 4451 ait3

173 4494 263 4555 quare
277 4479 412 4552 hoctuus
428 4497 522 4542 comes
537 4481 737 4544 nolitiaeere?
761 4483 862 4544 Faciet
876 4464 1013 4558 proiecto,
1034 4485 1130 4558 munit
1143 4483 1292 4566 Liberium,
1319 4486 1347 4543 si
