3017 5225
686 444 728 511 15

16 612 18 679 ἶ
119 624 1066 690 durnerbiesseinauditorioobmultascausasnonaudebat
1105 620 1189 687 Viam
1202 632 1300 688 tamen

119 749 225 809 parare
240 734 321 809 apud
334 734 553 809 Marquardum,
568 734 722 793 muriante
737 734 832 809 ipsum
847 732 946 808 Floro,
962 732 1075 807 sategit.
1098 732 1195 793 Maior
1207 733 1298 793 inter·

119 840 242 915 rogavit,
261 856 331 901 num
346 840 448 901 scirem
463 840 491 901 d.
501 839 644 901 Bucerum
658 838 768 900 adesse.
796 836 945 914 Respondi
956 853 1001 898 me
1015 838 1130 914 quidem
1144 839 1298 913 accepisse,
1334 919 1338 925 '

16 1016 17 1027 .
120 948 216 1023 ipsum
229 944 277 1005 bic
290 942 388 1019 luisse,
404 944 455 1005 sed
466 960 616 1005 reversum
630 942 866 1017 Argentoratum.
890 942 931 1002 nt
943 943 992 1003 ille
1008 944 1058 1016 eit,
1074 942 1170 1004 adhuc
1183 942 1231 1003 hic
1244 943 1295 1003 de·

120 1053 163 1127 git
174 1057 209 1113 et
221 1049 504 1112 vereorilliuullam
518 1047 684 1109 faculatem
699 1048 824 1109 obeundi
838 1065 891 1125 per
906 1047 1050 1110 Ooesarem
1064 1050 1191 1111 concedi

208 1154 352 1219 Melchior
379 1154 514 1217 carolum
535 1155 627 1216 Harst
659 1154 813 1217 clireusem
836 1156 1030 1217 consiliarium
1052 1156 1133 1217 odiit.
1179 1154 1300 1217 carolus

120 1262 207 1339 paulo
223 1265 291 1337 post
304 1260 490 1323 Atrebatemi
504 1260 659 1321 adventum
673 1263 809 1323 comitum
824 1260 1054 1323 Wuldecensium
1073 1261 1226 1335 indicarit,
1251 1260 1301 1335 qui

121 1382 187 1427 mox
201 1367 406 1441 interrogavit,
420 1382 489 1425 num
503 1366 528 1427 is
544 1382 659 1441 qnoque
674 1365 806 1442 adesset,
829 1369 879 1441 qni
894 1367 1036 1441 conoque
1050 1366 1244 1427 ratisbonensi
1256 1368 1301 1425 in-

120 1470 277 1533 terfuisset.
296 1471 347 1531 Ait
361 1469 496 1533 Carolus:
515 1471 620 1533 Omnes
635 1473 685 1546 qui
699 1474 780 1535 citati
794 1477 863 1533 sunt
877 1472 996 1550 (nullius
1010 1486 1114 1531 nomen
1128 1468 1302 1546 exprimens)

121 1578 236 1639 adsunt.
273 1577 389 1638 Deinde
403 1577 490 1639 latius
504 1576 704 1639 Atrebatemis
723 1595 788 1639 cum
808 1596 843 1639 eo
858 1575 1009 1638 conferens
1027 1574 1100 1636 infit.
1139 1575 1235 1650 Quare
1249 1574 1301 1636 do·

121 1685 190 1745 mini
204 1684 248 1743 tui
260 1683 383 1744 maxime
393 1682 442 1743 bis
455 1681 632 1757 temporibus
647 1700 728 1743 arum
740 1684 858 1760 capiunt
869 1685 901 1743 iu
914 1682 1105 1744 coloniensem
1116 1678 1301 1757 episcopum?

121 1786 281 1865 Respondit
296 1786 429 1849 Carolus:
446 1786 572 1848 Domine
588 1788 706 1863 praesul,
723 1790 782 1849 aliu
795 1787 846 1850 fiet
857 1788 1031 1852 informatio.
1054 1787 1144 1864 Bene,
1158 1788 1240 1862 bene,
1255 1787 1301 1847 in·

124 1896 189 1976 quit
202 1895 366 1971 episcopus,
382 1908 502 1953 necessa
516 1896 561 1953 est
577 1899 610 1954 ut
624 1908 656 1955 se
671 1898 841 1969 expurgent.

211 1998 257 2061 Ad
275 2004 385 2061 sermm
407 1996 584 2059 Coloniensis
609 1996 653 2075 (si
673 1997 817 2075 creditur)
835 1999 898 2073 jam
914 1997 1008 2061 taonis
1026 1999 1134 2059 amicus
1152 1998 1302 2061 adeundus

125 2108 201 2181 erat,
216 2103 269 2167 sed
282 2102 355 2163 nibil
370 2102 500 2165 effectum
515 2107 568 2163 est.
690 2164 696 2175 ,
888 2127 892 2131 <

211 2212 291 2271 luter
311 2214 420 2270 sentam
441 2213 472 2268 et
484 2207 634 2281 septimam
655 2222 750 2267 comes
772 2207 919 2269 aliassau
940 2212 970 2269 et
983 2207 1129 2269 Adrianus
1148 2209 1303 2290 aZertneu

123 2320 350 2392 apportaverunt
365 2314 410 2392 (nt
424 2314 509 2389 uulgo
526 2311 636 2388 dicunt)
652 2314 791 2387 scriptum
805 2314 1002 2391 compromissi
1014 2316 1091 2375 inter
1106 2313 1303 2375 Coloniensem

124 2425 154 2483 et
165 2437 229 2496 uos,
242 2421 376 2495 jubentes
387 2418 417 2481 id
427 2420 546 2495 perlegi,
564 2435 621 2493 quo
636 2419 825 2481 edmundum
839 2420 927 2481 scribi
941 2422 1033 2495 possit
1045 2426 1076 2481 et
1089 2420 1191 2495 sigilis
1205 2434 1302 2479 corro-

123 2526 236 2601 borari3
261 2525 339 2601 quod
358 2526 495 2600 scriptum
514 2540 601 2599 quam
620 2525 749 2600 iniquum
771 2532 802 2587 et
816 2526 953 2587 acerbum
965 2524 1069 2602 fuerit,
1093 2532 1214 2589 eventus
1234 2524 1303 2585 edo·

124 2634 214 2710 cubit,
230 2632 282 2696 sed
298 2631 385 2711 (proh
402 2629 496 2707 dolor)
513 2633 610 2692 omnia
623 2632 710 2693 modo
727 2632 894 2694 devoranda
907 2638 984 2695 sunt.

215 2738 274 2800 Sub
294 2743 424 2800 octavam
443 2735 549 2796 iratres
569 2740 599 2796 et
614 2751 668 2812 ego
688 2736 768 2815 (num
788 2739 904 2800 Samuel
923 2740 1048 2814 negotio,
1060 2754 1093 2799 se
1111 2737 1305 2798 intermittere
1323 2773 1327 2778 -

124 2841 229 2919 noluit)
252 2841 459 2904 habitationem
479 2841 586 2901 domini
600 2840 791 2903 Maximillam
810 2844 970 2905 archidueis
984 2844 1111 2918 ammos,
1131 2842 1239 2903 ibidem
1252 2857 1302 2903 us.-

125 2967 182 3025 que
195 2949 235 3012 ud
248 2965 354 3010 nonam
368 2949 470 3010 boram
484 2953 682 3022 expectantem
703 2947 822 3008 tandem
836 2965 941 3011 venere
956 2946 1154 3022 Colonienses,
1170 2951 1201 3007 et
1213 2947 1245 3006 bi
1258 2946 1302 3006 in-

124 3055 252 3118 tromissi
266 3059 334 3122 sunt
347 3053 377 3112 in
391 3051 566 3113 auditorium
582 3059 613 3112 et
625 3053 712 3127 paulo
727 3058 795 3127 post
808 3068 861 3114 nos
875 3071 928 3130 per
943 3055 1094 3116 ostiarium
1107 3053 1184 3113 intro
1199 3052 1303 3113 vocati

125 3160 188 3221 lilio
216 3159 450 3234 archiepiscopus
478 3158 648 3218 coloniensis
677 3159 737 3233 per'
756 3158 928 3219 advocatum
958 3159 1102 3233 quendam
1128 3159 1160 3218 in
1180 3156 1305 3217 termino

124 3264 293 3328 mandatum
306 3263 421 3340 poenale
436 3263 558 3338 produci
572 3262 655 3337 fecit,
672 3279 708 3323 ea
719 3268 823 3324 umen
832 3264 1027 3338 mitigatione,
1042 3264 1257 3334 attestaretur,
1273 3276 1306 3321 se

125 3387 177 3448 spe
196 3370 359 3433 concordiae
376 3369 510 3443 petitioni
529 3369 705 3448 executionis
725 3369 811 3430 modo
830 3367 1034 3442 supersedere3
1058 3369 1084 3428 si
1103 3374 1200 3428 tamen
1218 3379 1306 3425 causa

125 3477 202 3538 inter
216 3481 329 3553 partes,
351 3478 385 3534 nt
395 3475 456 3548 jem
471 3477 597 3548 coeptum
612 3477 703 3548 esset,
725 3490 778 3548 per
798 3473 925 3535 arbitros
941 3478 971 3534 et
984 3476 1060 3545 viam
1075 3473 1121 3550 (ut
1133 3466 1304 3546 loquuntur)

125 3580 261 3640 amicitiae
274 3580 395 3654 transigi
410 3595 469 3640 non
482 3583 586 3654 queat,
610 3594 643 3639 se
657 3582 826 3656 protestari,
847 3581 942 3655 ipsum
956 3581 1012 3640 hoc
1024 3577 1102 3641 iacto
1114 3579 1175 3654 juri
1189 3593 1242 3638 suo
1256 3591 1303 3636 ce·

127 3683 199 3745 dere
214 3683 302 3758 nelle,
325 3699 444 3760 rogans,
467 3690 501 3744 ut
514 3684 577 3744 bac
596 3684 639 3746 ite
658 3701 711 3758 per
725 3666 1080 3747 'scribas‘anuotsreutnm
1118 3683 1261 3744 Praesides
1276 3686 1308 3742 et
1347 3682 1349 3688 '

125 3787 279 3850 concilium
292 3788 354 3850 baec
367 3790 409 3848 ita
424 3789 529 3850 ascribi
543 3795 574 3850 et
586 3789 693 3864 signari
705 3791 863 3865 jusserunt.
885 3789 934 3852 Ad
946 3791 1009 3851 haec
1023 3791 1162 3866 magister
1169 3787 1306 3850 Liberius

126 3894 233 3966 Florus
253 3891 334 3970 (nam
354 3894 442 3955 abum
463 3894 591 3954 mucisci
611 3911 669 3956 non
688 3894 847 3972 potuimus)
867 3895 1001 3957 brevibus
1020 3875 1185 3972 respondit,
1209 3899 1239 3954 et
1253 3907 1306 3952 nos

126 3999 295 4062 obedientes
321 4014 490 4074 comparere
511 4000 542 4059 iu
561 4000 698 4075 termino,
722 4003 758 4062 ab
776 4005 966 4075 pomeaqnem
992 3998 1155 4060 Coloniensi
1179 3998 1222 4058 sic
1241 3996 1304 4073 pla·

43 4183 51 4212 ·
126 4106 233 4180 cuerit,
258 4119 313 4167 nos
333 4104 411 4166 idem
430 4106 560 4180 recipere
580 4121 643 4166 cunr
666 4107 891 4180 protestatione,
914 4105 940 4165 si
961 4106 1109 4179 negotium
1127 4119 1181 4179 per
1199 4102 1307 4163 amicos

126 4210 249 4284 transigi
262 4227 321 4270 non
336 4209 438 4285 possit,
454 4215 487 4270 ut
501 4216 531 4270 et
545 4210 627 4272 nobis
639 4211 700 4285 iuri
715 4216 814 4272 nostm
829 4215 909 4279 stare
923 4210 1047 4273 liberum
1060 4207 1146 4285 foret,
1161 4207 1249 4283 idque
1264 4207 1307 4267 sic

127 4315 236 4390 signari
250 4315 412 4389 petivimus.
436 4314 490 4374 His
503 4317 629 4392 peractis
644 4317 781 4390 utrinque
794 4315 942 4390 paululum
957 4315 1097 4377 abcedere
1108 4314 1183 4389 jussi
1197 4294 1304 4374 sumus.

216 4419 366 4495 Ablegatis
381 4419 470 4493 igitur
484 4419 701 4483 coloniensibus
715 4435 769 4482 nos
781 4419 910 4480 revocati
922 4424 953 4480 et
965 4421 1007 4482 ibi
1021 4436 1074 4496 per
1084 4417 1305 4492 linquendum,

127 4524 179 4597 qui
192 4529 258 4588 eret
272 4523 333 4588 dux
348 4523 440 4601 umbi,
459 4524 575 4586 nomine
589 4525 753 4590 auditorum
767 4508 875 4594 doum
889 4530 942 4591 eat
965 4525 1050 4601 Quod
1057 4523 1104 4588 ad
1114 4539 1216 4588 causas
1229 4522 1308 4583 inter
