3017 5225
711 482 751 549 lo

142 664 255 726 habens
270 680 386 727 carnem
400 681 503 725 novam
522 666 705 726 brachiorum
727 672 894 743 eternium,
916 666 983 726 licet
1003 666 1090 740 iacies
1105 668 1232 729 nondum
1246 672 1317 731 satis

143 775 220 832 esset
233 772 356 847 integra.

234 877 258 937 0
274 876 396 953 domine,
413 878 640 959 ossahumiliata
650 880 688 939 da
697 880 835 953 exultent,
851 892 926 951 pone
940 873 1098 939 custodiam
1108 880 1152 939 ori
1163 898 1227 941 meo
1243 888 1273 942 et
1286 884 1317 943 in

143 974 267 1065 veritate
283 982 376 1043 deduc
390 999 444 1042 me.
1056 982 1060 990 ’

234 1088 283 1147 xix
296 1084 404 1163 Aprilis
428 1090 493 1148 dnm
509 1088 711 1162 Wendelinus,
733 1089 868 1150 Liberius
889 1095 919 1148 et
933 1090 1030 1149 catari
1052 1091 1083 1149 in
1103 1089 1228 1151 medium
1248 1092 1317 1165 qnid

142 1210 218 1268 opus
233 1191 311 1252 factu
326 1194 364 1252 sit
379 1194 558 1269 consultant,
581 1198 722 1267 oportune
742 1195 950 1269 Burgluhardus
969 1196 1085 1266 nuntius
1105 1201 1205 1257 noster
1227 1200 1315 1273 venit,

109 1314 113 1321 ·
143 1298 244 1359 literas
268 1314 287 1358 a
303 1298 424 1358 domina
442 1288 549 1373 matre,
571 1302 708 1358 uxorcula
732 1306 762 1360 et
781 1302 928 1361 sororibus
943 1302 1006 1374 ejus
1028 1316 1155 1361 necnon
1170 1298 1318 1361 a‘Joaune

143 1401 281 1464 Galaoteo
303 1408 333 1463 et
347 1404 514 1464 Hermanno
529 1404 623 1464 Nellio
640 1405 781 1489 Sperante
796 1406 834 1466 ad
849 1424 901 1467 nos
916 1423 932 1465 e
953 1408 1049 1481 patria
1064 1403 1205 1466 deferens.
1243 1408 1316 1466 Item
1414 1433 1420 1439 ·

143 1508 246 1568 literas
262 1508 374 1569 comitis
388 1509 547 1569 Reinhardi
562 1527 580 1569 a
595 1492 687 1569 Solms
703 1511 740 1570 ad
755 1528 904 1585 nossunas,
920 1511 956 1571 ad
972 1511 1060 1571 filium
1075 1512 1230 1570 Ernestum
1244 1528 1316 1571 unas

142 1619 174 1683 et
188 1614 227 1674 ad
240 1615 365 1687 Viglium
380 1592 496 1673 alteras.
538 1616 608 1674 Item
624 1616 802 1676 Elisabethae
823 1617 943 1676 ducissae
958 1617 995 1677 de
1017 1616 1204 1691 Brunschuig
1219 1622 1249 1677 et
1263 1618 1314 1677 do·

141 1720 228 1779 minae
243 1718 279 1779 de
294 1718 468 1793 Henneberg
483 1726 514 1779 et
527 1722 636 1781 comitis
651 1720 798 1796 Popponis
812 1724 921 1797 scripta
935 1722 974 1781 ad
987 1720 1186 1783 Marohionem
1199 1723 1315 1783 Electo-

142 1840 214 1884 rem.
239 1823 324 1885 Domi
340 1827 436 1884 omnia
450 1826 537 1885 salva.
561 1826 624 1885 Deo
635 1832 694 1901 opt.
710 1844 785 1886 max.
802 1830 996 1902 sempiternus
1008 1828 1100 1888 honos
1116 1830 1154 1887 sit
1168 1833 1198 1887 et
1212 1828 1314 1901 gloria.

142 1928 326 2004 deceperunt
340 1946 453 2009 quoque
470 1931 585 1991 Samuel
600 1948 618 1989 a
633 1939 725 2007 patre,
741 1932 846 1992 fratres
862 1950 880 1992 a
894 1940 986 1993 matre
1000 1934 1121 1993 litteras.

232 2033 341 2093 Eadem
366 2036 462 2095 comiti
483 2036 608 2096 Ernesto
630 2042 767 2109 paternas
788 2038 900 2097 litteras
922 2038 1037 2109 ipsimet
1057 2036 1242 2112 reddidimus,
1263 2039 1313 2112 qni

142 2137 363 2199 attrebatensem
386 2140 550 2214 alloquutus
572 2140 681 2216 fuerat,
706 2146 841 2215 rogantes
861 2143 951 2215 igitur
970 2144 1079 2216 ipsum,
1105 2147 1135 2201 ut
1157 2144 1249 2201 nostri
1264 2143 1315 2201 ali·

144 2260 241 2319 quam,
258 2246 283 2303 si
297 2243 373 2304 forte
388 2247 429 2305 sio
444 2262 537 2305 sermo
552 2244 650 2322 ferret,
666 2249 840 2307 mentionem
855 2247 933 2321 apud
947 2247 1070 2307 eundem
1084 2245 1209 2305 faceret.-

233 2350 290 2409 Per
305 2350 453 2410 Liborinm
467 2351 561 2425 Viglio
576 2353 668 2411 literne
683 2351 843 2412 Reinhardi
858 2354 968 2411 comitis
991 2351 1075 2411 reddi
1098 2352 1248 2425 debebant,
1265 2352 1317 2412 sed

141 2453 254 2515 Doctor
270 2446 380 2516 exierat
393 2454 481 2515 foras.
520 2454 659 2515 Comitem
673 2474 691 2517 a
705 2457 819 2517 Nassan
841 2459 872 2516 in
893 2458 1017 2531 ho'spitio
1039 2473 1091 2517 suo
1107 2457 1315 2532 quaerebamus,

142 2575 243 2619 rerum
257 2560 291 2635 is,
307 2565 341 2620 ut
354 2566 456 2638 postea
471 2546 675 2638 comperimus,
697 2561 857 2623 auditorem
872 2564 934 2638 agit
948 2564 978 2622 in
1001 2578 1089 2622 causa
1103 2562 1183 2622 ducis
1196 2560 1321 2623 Henrici‘

142 2669 172 2724 et
188 2663 423 2726 Goslarierisinm.
504 2683 513 2708 ι

231 2773 266 2830 In
278 2771 382 2850 ¹codem
396 2772 499 2832 itinere
515 2773 636 2832 dominae
651 2773 774 2848 principi
794 2772 985 2848 Landgrariae
1004 2770 1100 2832 iausta
1117 2773 1229 2847 precati
1249 2771 1316 2831 dein

141 2875 298 2950 hospitium
314 2876 431 2957 Ernesti
446 2877 525 2937 ducis
540 2877 793 2952 Sequentavimus.

231 2980 258 3039 A
272 2982 393 3055 prandio
409 2998 492 3042 omne
501 2983 728 3056 pomeridianum
742 2989 855 3058 tempus
869 2985 1028 3045 scribendis
1042 2983 1134 3045 literis
1143 2983 1314 3058 adsacrum,

141 3087 309 3146 uxorculam
329 3086 453 3147 Nellium
476 3090 685 3174 insumpsimus.
731 3089 839 3150 Frater
851 3090 980 3151 loannes
1005 3089 1083 3164 apud
1105 3089 1207 3149 ducem
1220 3089 1314 3148 Erne-

142 3196 217 3250 stum
229 3179 356 3266 pransus
371 3196 432 3276 est,

234 3297 336 3358 Statim
351 3316 369 3358 a
384 3298 504 3372 prandio
519 3301 652 3359 ostiarius
668 3315 788 3359 camerae
804 3301 915 3360 concilii
937 3300 1091 3373 imperialis
1114 3299 1212 3359 attulit
1231 3301 1315 3386 jussu

90 3383 97 3391 ’
142 3403 255 3462 concilii
271 3406 409 3478 scriptum
423 3405 573 3464 Reiuberti
587 3407 663 3464 illius
678 3405 924 3466 Paderbornensis
939 3405 1075 3478 episcopi,
1091 3405 1122 3462 in
1136 3420 1194 3476 quo
1209 3418 1313 3477 cogna-
1332 3472 1337 3480 ,

141 3513 205 3566 tum
220 3507 393 3584 Philippum,
409 3526 561 3569 novercam
577 3516 606 3569 et
620 3527 673 3569 nos
688 3510 766 3584 apud
780 3525 934 3568 caesaream
948 3510 1128 3582 majestatem
1142 3507 1253 3567 detulit.
1310 3532 1314 3539 ¹

233 3612 351 3700 Samuel
366 3613 444 3687 apud
464 3615 618 3674 Ernestum
640 3615 677 3674 de
697 3615 789 3676 Solms
807 3605 942 3674 coenavit.
987 3614 1051 3673 Hoc
1072 3613 1119 3672 die
1139 3613 1170 3672 in
1190 3613 1314 3687 negotiis

142 3715 250 3775 nostris
265 3718 337 3776 nihil
351 3725 514 3790 promotum
529 3724 581 3778 est.
605 3720 682 3780 Nota
697 3720 732 3779 de
748 3737 835 3780 causa
848 3719 1017 3780 Hoiensium
1031 3719 1175 3780 comitum.
1226 3739 1231 3746 -

232 3819 344 3882 Eadem
358 3823 503 3884 Adrianus
524 3840 542 3883 a
557 3824 678 3883 Zertzen
701 3824 860 3884 marchioni
875 3825 998 3884 electori
1006 3824 1106 3884 literas
1121 3824 1229 3883 sororis
1243 3838 1313 3882 suae

142 3929 172 3986 ct
186 3925 366 3987 dominorum
380 3945 398 3988 a
413 3929 587 4002 Henneberg
598 3911 691 3987 ¹nostri
706 3934 820 3990 nomine
834 3927 947 3989 obtulit.

231 4031 341 4092 Eadem
353 4035 525 4108 intempesta
535 4033 790 4108 noetesodalitium
800 4032 894 4093 iurum
909 4035 1074 4105 argenteam
1088 4031 1313 4106 suppellectilem

92 4171 96 4178 ·
141 4133 273 4194 Mauritii
293 4136 425 4224 electoris
439 4139 568 4197 cribrare
588 4136 730 4212 volebant,
754 4154 789 4198 ac
803 4139 904 4199 Iberus
919 4137 1035 4210 quidam
1049 4136 1157 4212 inipso
1172 4135 1250 4196 furto
1264 4136 1314 4196 de·

141 4239 301 4312 prehensus
316 4238 369 4300 est.
596 4241 599 4246 '

230 4345 271 4404 At
284 4362 347 4420 age,
370 4347 492 4420 domine,
513 4362 588 4420 pone
604 4360 690 4418 super
706 4361 754 4405 eos
774 4346 984 4422 legislatorem,
1005 4347 1099 4405 sciant
1120 4352 1219 4420 pentes
1234 4344 1312 4418 quod

141 4447 271 4508 homines
292 4452 350 4512 sint
371 4429 423 4524 per
443 4467 554 4510 samam
567 4456 646 4510 tuam
671 4452 826 4510 anastasin.
872 4450 995 4512 Domine
1014 4452 1094 4523 lesu,
1118 4449 1233 4510 famulae
1253 4455 1312 4509 tuae

142 4550 304 4616 maasiae
318 4560 349 4616 et
368 4555 437 4616 filiae
459 4568 495 4616 ac
508 4557 608 4616 matris
623 4557 686 4629 ejus
707 4561 859 4617 memento.

1027 4591 1097 4720 a*
