3017 5225
760 438 802 504 le

192 580 335 696 Senoniae,
350 620 478 683 Joeunes
496 617 662 680 Frielericus
677 620 807 696 ceptivus
821 624 852 681 et
858 620 1014 681 Meuritius
1027 636 1150 699 corpore
1160 620 1244 698 liber,
1259 622 1367 685 elector
1489 609 1490 632 ³

190 727 381 800 treverensis,
407 727 604 801 moguntinus,
631 727 817 799 coloniensis,
845 726 999 787 cerdiuelis
1028 726 1200 788 tridentinus
1223 733 1252 788 et
1275 744 1365 804 eugu-

191 837 306 907 stenus,
330 830 458 893 mercbio
479 832 587 892 elector
601 836 631 891 et
645 831 772 892 Joennes
787 833 850 907 ejus
864 830 968 907 freter,
988 848 1041 891 nec
1055 848 1113 892 uon
1127 832 1265 893 eilbertus
1279 834 1365 894 breu-

191 936 408 1012 rlenburgensis,
420 937 588 997 wilhelmus
596 937 729 998 Beveriee
745 937 805 998 dux
817 954 881 997 oum
889 937 1009 998 Alberto
1020 935 1081 997 filio
1095 942 1126 996 et
1139 939 1216 997 omni
1231 956 1366 1015 mereo
1489 961 1490 998 v

190 1057 256 1117 suo,
276 1042 380 1101 Erious
400 1045 430 1101 et
450 1042 600 1119 Philippus
620 1042 706 1102 duces
727 1059 745 1101 e
765 1042 964 1117 Brnnschwig,
985 1046 1015 1102 et
1034 1042 1174 1101 Eruestus
1194 1058 1213 1102 e
1233 1042 1364 1105 Gruben·

190 1148 285 1223 hegen
297 1152 351 1207 etc.
372 1163 466 1208 comes
482 1164 499 1207 e
513 1147 643 1222 Nessev,
660 1146 776 1206 domine
791 1149 924 1222 princeps
938 1147 1060 1222 Hessiae,
1077 1148 1186 1207 elector
1200 1148 1365 1225 Mauritius,

190 1254 338 1326 episcopus
357 1252 569 1327 eichstetensis,
586 1252 752 1312 Friderious
771 1252 919 1314 Palatinus
935 1254 1051 1328 elector,
1067 1252 1289 1329 saltzburgensis
1304 1257 1365 1329 epi·

191 1372 304 1433 scopus,
319 1358 500 1433 coloniensis,
517 1360 685 1419 trevirensis
700 1358 761 1419 fere
777 1377 813 1420 ex
829 1360 929 1419 ordine
943 1358 1068 1431 hospitio
1082 1357 1177 1417 vicine
1190 1359 1306 1419 hebent.

279 1480 316 1523 xv
330 1463 448 1539 Aprilis,
466 1480 530 1537 que
546 1470 609 1524 eret
623 1463 765 1525 dominice
780 1465 996 1526 Misericordiae
1011 1464 1136 1539 Domini,
1153 1466 1247 1526 euimo
1263 1468 1365 1526 stetui.
1489 1423 1490 1506 l

190 1586 266 1647 mue,
282 1571 453 1645 rideretur,
475 1572 638 1632 concionem
654 1585 765 1631 sacrem
780 1570 905 1630 Musculi
920 1568 1029 1630 eudire.
1068 1570 1096 1628 Is
1111 1572 1142 1628 in
1157 1570 1265 1647 templo
1279 1572 1364 1630 Meu·
1489 1627 1490 1644 ,

189 1677 249 1737 ritii
264 1692 346 1737 secro
363 1676 399 1735 de
412 1674 508 1734 verbis
525 1674 629 1735 Christi
645 1693 680 1736 ex
695 1677 713 1738 J
715 1692 809 1736 oonue
826 1676 993 1737 »Modicum
1007 1675 1140 1736 videbitis
1154 1691 1209 1751 me,
1231 1680 1262 1736 et
1274 1675 1365 1735 modi·
1489 1715 1490 1722 κ

189 1798 254 1841 oum
262 1798 321 1843 non
332 1780 464 1842 videbitis
475 1795 550 1855 me«,
564 1784 633 1841 item
644 1783 722 1842 »Vos
733 1800 790 1841 uon
799 1782 1132 1857 relinquem‘orpbenos‹
1144 1787 1198 1842 etc.
1207 1782 1276 1842 item
1288 1783 1367 1842 »Vos
1489 1829 1490 1834 1

189 1882 336 1961 videbitis,
354 1887 475 1947 mundus
497 1893 592 1947 eutem
613 1904 671 1947 uon
691 1888 818 1948 videbit«
838 1888 999 1947 luculenter
1019 1892 1049 1945 et
1062 1887 1110 1959 pie
1125 1887 1274 1961 disseruit,
1297 1886 1365 1947 edo·
1489 1899 1490 1958 ἱ

189 2008 271 2068 cens,
292 1998 399 2068 quanto
416 2007 513 2052 emore
529 1991 660 2052 Obristus
674 2008 741 2053 suos
756 1999 963 2068 prosequetur,
980 1993 1030 2066 qni
1044 1994 1102 2051 sint
1116 1992 1237 2066 orphani
1252 2008 1367 2068 quoque
1489 2039 1490 2044 η

190 2098 322 2161 ostendit.
346 2098 463 2158 Adheec
473 2114 557 2172 quern
567 2099 662 2159 viulois
674 2099 712 2159 sit
724 2100 881 2161 consoletis
892 2099 946 2172 piis
958 2100 1052 2159 enimo
1067 2099 1129 2157 beec
1138 2097 1227 2157 verbe
1240 2100 1366 2174 volvere,
1489 2091 1490 2140 ἶ

190 2204 298 2265 scilicet
314 2203 427 2263 »Alium
435 2204 611 2277 perecletum
622 2204 731 2263 mittem
741 2204 852 2265 vobis«
870 2204 941 2264 Item
951 2210 981 2264 et
989 2207 1087 2264 omnes
1095 2202 1136 2277 pii
1144 2203 1367 2264 consolationem

188 2310 256 2369 hinc
278 2324 382 2384 cepere
402 2311 527 2383 possint,
551 2309 643 2368 Deum
663 2310 894 2385 benignissimum
914 2316 1027 2385 petrem
1048 2326 1105 2369 non
1124 2309 1292 2369 relicturum
1312 2309 1367 2370 sibi

189 2412 309 2475 fidentes
324 2414 477 2489 orphanos.

278 2519 388 2581 Eodem
403 2519 481 2595 epod
496 2522 626 2580 comitem
640 2518 820 2580 Guilielmom
835 2522 935 2594 prensi
949 2538 1055 2581 sumus.
1094 2522 1257 2583 Adfuerunt
1271 2538 1366 2583 eomes
1489 2495 1490 2582 ff

189 2643 208 2686 e
222 2625 345 2701 Nesseu,
363 2641 456 2687 comes
472 2626 621 2701 Philippus
636 2627 672 2688 eb
688 2627 854 2702 Eberstein,
871 2629 919 2701 qni
936 2645 1012 2688 enno
1027 2631 1171 2704 superiori
1185 2631 1216 2689 in
1231 2629 1365 2690 sodalitio

189 2732 351 2792 Peclrmohr
366 2730 469 2792 fueret.
491 2732 600 2792 Doctor
614 2732 702 2807 Veix,
719 2733 906 2792 cancellarius
921 2734 1056 2793 Mauricii
1071 2735 1211 2796 electoris.

279 2837 467 2898 Proverbium
481 2837 616 2912 italicum,
634 2837 720 2912 quod,-
736 2837 916 2913 prohdolor,
931 2845 963 2898 et
973 2838 1029 2898 hoe
1041 2856 1103 2900 eevo
1113 2837 1263 2900 &eminis
1277 2854 1365 2914 pecu

189 2945 261 3004 llere
284 2947 342 3004 est:
373 2943 467 3002 Home
486 2947 598 3003 mortuo
621 2959 658 3002 ne
672 2942 746 3018 ieye
768 2959 888 3019 guerre,
912 2943 969 3003 Ein
991 2944 1075 3005 thodt
1094 2961 1180 3004 menn
1201 2943 1277 3006 fehtt
1297 2946 1366 3006 luein

189 3047 272 3122 lrrieg
292 3063 340 3106 en.
1034 3063 1039 3068 ·

278 3151 394 3218 Eadem
404 3168 438 3212 eo
453 3153 531 3228 quod
545 3169 655 3214 ennnus
671 3155 732 3214 dies
747 3160 823 3215 esset
833 3157 863 3214 in
879 3161 1051 3230 perpetuum
1060 3152 1211 3216 Germenis
1225 3156 1365 3232 lugendus

191 3263 221 3318 et
235 3262 300 3318 etro
321 3257 476 3333 signandos
499 3259 611 3335 lepillo,
635 3275 692 3333 quo
713 3260 921 3320 illustrissimus
935 3261 1064 3322 Joennes
1078 3260 1244 3321 Fri‘dericu's
1259 3262 1365 3322 elector
1489 3286 1490 3337 p

191 3362 229 3424 ed
242 3363 353 3439 Albim,
377 3361 446 3438 fuge
466 3363 519 3424 sibi
540 3365 705 3426 consulente
725 3368 853 3426 exercitu
873 3368 935 3439 ejus
957 3383 990 3426 ec
1009 3383 1115 3441 megne
1134 3383 1285 3442 procerum
1303 3368 1364 3441 cius

190 3466 327 3548 perte'eb
342 3486 376 3530 eo
391 3470 429 3530 ed
443 3471 538 3531 hostes
553 3470 715 3546 deficiente,
740 3489 805 3531 cum
819 3474 919 3546 paucis
933 3474 987 3533 sibi
1002 3471 1067 3531 fidis
1083 3477 1184 3547 ceptus
1199 3477 1290 3547 esset,
1308 3484 1363 3532 'ex-

190 3577 334 3638 cubitores
348 3591 383 3636 ec
397 3577 524 3650 reliquus
539 3577 687 3653 Hispanico
703 3577 863 3653 peditatus,
879 3579 982 3652 quibus
996 3594 1058 3638 mos
1074 3583 1119 3637 est
1133 3578 1298 3638 bomberdie
1312 3578 1363 3638 sti·

190 3683 278 3761 pendi
287 3683 419 3756 emereri,
428 3688 475 3741 ter
484 3688 554 3742 ente
561 3683 715 3757 hospitium
726 3682 805 3741 ducis
815 3684 946 3744 electoris
959 3684 1113 3743 inmodum
1122 3685 1222 3743 circuli
1229 3689 1364 3744 coeuntes

190 3789 287 3848 sonitu
310 3787 433 3848 terribili
457 3789 560 3848 coelum
590 3804 679 3861 usque
699 3786 823 3862 pedente
844 3789 981 3864 sulphure
1000 3794 1030 3848 et
1051 3789 1170 3864 pulvere
1190 3790 1364 3852 ermenterio

190 3910 251 3969 pree
270 3869 373 3952 letitie
392 3892 547 3967 gestientes
570 3897 599 3952 et
620 3899 739 3952 oventes
762 3909 826 3952 eem
848 3895 982 3953 victorie·
1001 3911 1060 3954 suae
1084 3911 1147 3954 esse
1168 3895 1245 3955 diem
1266 3896 1365 3955 testati

190 4003 265 4058 suut.
304 3997 489 4059 Fortissimus
516 4002 612 4057 eutem
634 3997 692 4057 dux
713 4014 728 4057 e
749 3997 877 4058 fenestre
896 4001 1073 4075 prospiciens
1091 3999 1265 4060 nebulonum
1286 4002 1363 4061 inse-

190 4105 266 4164 niem
281 4104 353 4164 risit.
1164 4123 1167 4127 ·

277 4209 359 4283 Pepe
373 4209 507 4270 Permem
528 4214 557 4269 et
572 4209 749 4270 Pleceutiem
769 4209 869 4285 urbes,
893 4211 931 4270 ob
946 4227 1018 4285 ques
1039 4212 1146 4273 bellum
1166 4214 1240 4274 inter
1260 4229 1365 4289 pepem

191 4321 220 4376 et
235 4313 381 4375 Ooeserem·
393 4315 500 4375 exoriri
515 4315 682 4389 timebatur,
703 4314 739 4375 ed
755 4332 857 4376 manus
873 4315 996 4377 Gesseris
1010 4318 1167 4394 resignavit
1182 4335 1217 4378 ee
1231 4321 1309 4395 lege,
1332 4326 1366 4380 ut
1489 4302 1490 4373 l

190 4419 242 4480 filii
263 4437 346 4495 pepee
368 4421 470 4480 herum
492 4421 639 4480 civitatum
665 4421 873 4495 gubernatores
894 4429 1104 4495 permanerent.
1151 4424 1198 4484 Sic
1220 4412 1364 4484 Cretensis

187 4527 341 4603 ,Aegonite
357 4529 521 4590 commissus
536 4529 616 4589 novit
630 4526 805 4589 comminisci
819 4526 924 4589 dolum.
1095 4538 1098 4542 ·
