3017 5225
268 606 380 667 Eadem
394 608 428 681 is,
441 606 501 680 'hqui
516 562 584 703 ante
599 618 706 680 paueos
721 602 783 665 dies
797 618 860 663 oum
875 603 1254 667 sodalitm-eoneemeratum
1267 605 1354 667 linu-

181 713 242 773 ritii
255 713 398 772 Eleotoris
412 710 537 785 injussus
545 714 707 783 reserarat,
730 706 812 769 furca
828 726 984 784 suspensus
1003 718 1056 786 est,
1080 728 1174 787 quem,
1198 712 1266 786 qnia
1279 712 1354 773 Bur-

70 840 73 847 ·
180 818 289 895 guudin
308 820 386 890 eret,
410 815 541 876 dominus
559 816 595 875 de
611 812 794 873 Grandevela
807 820 858 875 aut
878 832 938 876 non
957 816 1054 890 puniri
1074 822 1126 877 out
1143 814 1213 891 iuga
1227 818 1356 891 elapsum

181 923 331 995 voluisset,
358 920 412 981 sed
432 920 588 1009 Mauritius
611 920 719 979 elector
739 920 858 995 institit,
881 924 914 979 ut
935 920 999 981 loeo
1020 921 1135 995 publico
1154 926 1222 981 aute
1247 922 1357 981 ruriam

182 1032 347 1089 senatorum
369 1026 507 1101 Anguste
529 1024 762 1099 suspenderetur.
797 1024 855 1096 Qui
882 1026 936 1084 sub
957 1025 1126 1099 supplitium
1151 1026 1276 1099 psalmos
1301 1028 1355 1087 ali·

181 1136 252 1206 quot
273 1132 379 1205 οιιιιι,
403 1130 466 1190 Deo
489 1129 614 1190 animem
633 1129 722 1189 latine
744 1145 884 1203 perorans
905 1129 1127 1219 commendarit,
1158 1131 1208 1277 qni
1229 1147 1295 1191 eum
1317 1113 1356 1191 ob

181 1234 233 1296 filii
248 1236 292 1296 sni
306 1241 440 1311 mortem,
461 1240 497 1295 ut
512 1250 673 1310 speramus,
697 1234 831 1308 suseepit.
1209 1268 1212 1275 -

271 1340 376 1401 Frater
397 1344 496 1399 noster
514 1340 664 1414 Philippus
685 1345 715 1399 et
733 1338 921 1400 Weudelinus
941 1340 1088 1403 doctorem
1110 1340 1244 1455 Gerulum
1265 1341 1358 1402 Harst

182 1444 281 1508 adiere
296 1452 326 1506 et
340 1443 417 1520 apud
432 1443 652 1505 Atrebatemem
665 1445 903 1505 sollicitaverunt.
1108 1454 1115 1461 ·

271 1548 383 1611 Eadem
405 1548 497 1608 freter
520 1554 619 1609 noster
639 1550 767 1609 Joenues
788 1548 872 1609 uobis
897 1556 1020 1611 mortem
1039 1549 1158 1625 infantis
1181 1548 1336 1610 (ιοιιιιιιι
1326 1568 1359 1610 ιιι

183 1655 334 1717 Mensule
346 1654 493 1727 indicarit,
517 1654 564 1713 oui
580 1652 666 1713 dnbio
681 1654 792 1729 procul,
813 1654 897 1729 jnxta
910 1670 1024 1731 nomen,
1047 1655 1126 1730 quod
1143 1657 1223 1730 prius·
1237 1655 1358 1719 sortitus

184 1764 241 1834 est,
265 1759 346 1819 Dens
361 1763 501 1833 perpetuo
517 1756 663 1832 adjutorio
678 1758 742 1817 erit.
878 1776 881 1781 ·

186 1870 188 1875 '
271 1864 416 1923 Martinus
425 1860 558 1923 ‘Buoerus
573 1866 675 1922 eontra
690 1862 904 1925 vintoniensem
918 1852 1108 1938 antiquissimi
1122 1865 1292 1924 Ebroeorum
1306 1879 1358 1925 eos

184 1971 234 2045 qni
248 1968 327 2029 ultre
336 1958 474 2029 'idoneam
488 1967 662 2028 matrimonii
676 1972 802 2049 annm,
810 1968 927 2030 coelibes
947 1975 1073 2043 manent,
1095 1968 1182 2043 idque
1197 1985 1256 2029 non
1270 1986 1360 2029 causa

181 2074 310 2135 distendi
323 2074 416 2149 legem
424 2069 481 2133 Del
494 2074 687 2149 pronuntient
701 2068 840 2135 obnoxios
854 2090 917 2133 esse
931 2074 1057 2133 orinrinis
1070 2070 1127 2131 fusi
1141 2075 1289 2149 sanguinis
1303 2076 1357 2134 im-

182 2180 356 2253 minuteque
376 2178 475 2253 gloriae
495 2182 524 2238 et
544 2180 671 2251 majestis
685 2177 742 2237 Dei
755 2179 787 2237 in
801 2179 908 2253 populo
927 2180 1019 2239 Israel
1033 2183 1063 2238 et
1077 2178 1209 2253 indignos
1224 2180 1358 2255 proinde,
1402 2204 1405 2207 ⁴

182 2286 233 2360 qni
247 2284 278 2343 in
292 2283 399 2358 populo
413 2282 469 2342 Dei
483 2283 651 2343 tolerentur.
683 2282 770 2343 Tanti
783 2280 912 2343 feserunt
926 2281 1051 2343 offidum
1064 2283 1237 2358 procreandi
1250 2284 1358 2345 liberos

182 2390 213 2451 iu
227 2388 334 2463 populo
349 2387 415 2447 Dei.
447 2384 518 2445 Cum
537 2385 583 2471 lais
603 2388 815 2447 eonsentientes
834 2388 979 2462 sapientes
999 2386 1359 2473 Graecorumleensnerunt

181 2494 303 2566 'eosque
327 2491 377 2567 qni
403 2504 495 2563 usque
521 2487 560 2548 ad
582 2505 689 2577 annum
708 2492 884 2553 tricesimum
903 2498 1037 2570 quartum
1055 2494 1173 2554 ooelibes
1195 2499 1304 2568 esseut,
1327 2500 1359 2555 et

183 2578 375 2658 multarentur
387 2592 509 2668 peeunia
524 2597 554 2653 et
568 2590 751 2670 afficerentur
766 2598 932 2674 ignominie,
944 2602 975 2658 et
988 2598 1156 2659 nominatim
1171 2616 1216 2674 ea,
1227 2601 1261 2658 ut
1272 2616 1356 2660 nemo

183 2701 239 2763 illis
254 2717 320 2761 eum
334 2700 473 2760 honorem
488 2698 646 2776 exhiberet,
671 2703 720 2784 qui
735 2703 809 2764 solet
828 2721 847 2764 a
864 2704 1022 2764 minoritam
1043 2704 1172 2764 exhiberi
1185 2703 1356 2765 senioribus.

231 2817 237 2864 ῐ
272 2804 353 2865 Aleae
373 2804 434 2864 ludi
453 2803 564 2866 duetus
582 2805 649 2866 hino
669 2812 799 2882 apparet,
824 2809 901 2883 quod
920 2809 1125 2869 nudiustertius
1136 2800 1177 2882 [iu
1191 2809 1258 2868 aulo
1271 2809 1356 2870 Mau·

182 2912 243 2974 rim
257 2928 330 2988 puer
344 2912 454 2971 aulicus
470 2911 681 2971 adolescentem
696 2913 819 2973 nobilem
834 2915 976 2988 cumipse
991 2913 1056 2973 elea
1069 2918 1236 2988 mutantem,
1249 2895 1358 2974 nudem

184 3019 366 3093 obsessam,
390 3031 476 3090 quam
497 3015 689 3093 quodverbis
709 3017 748 3077 ab
768 3035 803 3078 eo
824 3019 1026 3119 oomrgeretnr,
1049 3018 1099 3078 ilie
1119 3017 1283 3094 transfodit,
1307 3019 1358 3094 qui

184 3128 215 3184 et
228 3113 291 3182 heri
305 3126 393 3181 terrae
407 3118 472 3180 fida
486 3121 571 3181 matri
585 3121 749 3182 reconditus
764 3128 818 3183 est.

241 3225 576 3288 Fuuliaeheuhundert
590 3223 840 3304 Bsrolretmaeher‚
863 3229 911 3289 die
931 3246 984 3289 ror
997 3207 1119 3290 Meister
1139 3190 1271 3305 geoodtet
1284 3246 1356 3290 wer-

183 3334 271 3408 deun,
295 3334 373 3392 ohnu
393 3349 452 3394 uss
471 3335 513 3394 sie
532 3332 579 3393 fur
599 3334 722 3394 kueome
741 3336 867 3408 habens,
890 3336 966 3394 seint
983 3334 1194 3410 uwAugspurg
1203 3328 1366 3400 ιιοιιιιιιιί·,

183 3441 235 3515 tig.
270 3435 317 3498 Et
329 3437 360 3497 hi
380 3441 447 3498 suut
465 3442 608 3513 textores,
632 3441 681 3512 qui
701 3440 857 3500 ιιιιιιιιιιιι
870 3445 990 3503 utentes
1009 3439 1143 3500 libertate
1162 3447 1263 3501 ooutm
1280 3456 1356 3514 prae·

185 3546 321 3619 seriptum
335 3543 424 3602 Moisi
437 3543 525 3631 telam
539 3548 568 3604 et
582 3549 676 3604 vestes
692 3560 728 3603 ex
742 3543 811 3604 lana
825 3549 855 3603 et
867 3545 930 3616 lino
943 3542 1084 3605 ooufioere
1098 3545 1270 3606 didicerunt.
1331 3540 1338 3546 “

272 3646 383 3732 Eadem
404 3649 501 3707 moles·
517 3648 641 3722 aliquot,
670 3649 825 3723 inquibus
846 3665 987 3724 papyrus,
1012 3665 1076 3724 quse
1098 3651 1356 3726 regeneremur,

185 3771 221 3815 ex
236 3751 370 3814 onustatis
386 3757 415 3811 et
429 3752 520 3826 peplis
542 3752 625 3810 lineis
647 3749 813 3830 conficitur,
835 3748 958 3813 vidimus
976 3750 988 3790 ¹
1009 3761 1040 3818 et
1053 3761 1127 3815 unns
1140 3756 1215 3816 liber
1229 3755 1356 3832 ejuspe-

185 3861 249 3933 pyri
272 3857 370 3918 decem
390 3857 545 3929 oruoigeris
566 3857 663 3916 veniit.
699 3857 830 3916 Vidimus
847 3864 880 3918 et
898 3853 999 3920 hortos
1017 3861 1172 3921 latissimos
1192 3878 1256 3921 enm
1276 3877 1357 3922 meu-

185 3961 323 4024 siuneulis
344 3961 459 4035 aliquot.
476 3964 511 4020 et'
525 3975 649 4033 scopum
662 3978 726 4022 non·
740 3979 847 4047 unum,x
861 3965 895 4051 in
912 3965 1014 4038 quibus
1034 3967 1157 4041 Hispani
1176 3983 1229 4027 neo
1248 3983 1307 4028 uon
1328 3972 1360 4027 et

185 4068 260 4127 eires
283 4067 362 4132 urbis
385 4065 524 4140 Augusta
547 4061 672 4142 balistis,
703 4047 774 4132 arou
796 4069 842 4146 (ut
862 4067 980 4144 vocant)
1002 4072 1129 4146 anglico,
1152 4073 1307 4147 catapultis
1328 4079 1360 4133 et

187 4155 326 4245 quidquid
344 4171 385 4230 ita
405 4175 449 4228 est
467 4171 722 4249 instrumentorum
740 4173 778 4234 ad
796 4174 971 4250 torquendos
990 4177 1110 4250 sagittas
1121 4180 1161 4236 -et
1179 4176 1297 4252 glandes
1310 4175 1357 4238 iu-

186 4281 316 4350 ventam,
334 4265 371 4335 'se
386 4276 552 4337 exercitant.
597 4329 598 4332 ,
637 4325 642 4333 f

763 4411 780 4447 ι

262 4497 277 4546 ι,
293 4491 407 4546 remmus
425 4463 492 4545 ιιι
509 4493 538 4544 ιι
555 4493 601 4562 aa
619 4495 663 4552 aa„
697 4528 699 4540 .
774 4473 777 4481 '
