3017 5225
178 648 244 707 pem
258 632 404 694 nobiscum
425 630 577 706 prandium
591 647 712 692 sumere.
751 631 885 692 Ostendit
903 633 1022 707 insuper
1041 633 1168 694 et'nobis
1182 632 1350 707 inscriptio·

178 752 243 799 nem
256 738 419 801 beennon
438 752 525 797 manu
547 740 667 813 propria
686 739 824 813 principia
845 738 938 798 noemi
951 738 990 799 ad
1002 739 1156 799 Erasmum
1170 737 1352 812 iisprmm

179 844 365 903 secretarium
379 844 496 903 waaris
511 850 669 903 exaratam.
708 843 864 919 Thniernm
878 858 992 917 qnoque
1010 844 1053 903 ilii
1066 844 1143 927 dono
1158 841 1226 903 dedi
1239 849 1270 903 et
1284 844 1349 917 pol·

178 948 272 1008 licitus
287 953 341 1023 est,
356 963 387 1008 sa
402 964 466 1007 meo
481 948 596 1008 nominc
610 945 706 1009 debite
721 961 786 1007 mea
799 946 895 1007 officie
912 948 1036 1023 principi
1050 946 1223 1009 oblaturum.
1261 948 1350 1008 Vole·

177 1053 228 1115 bat
242 1070 311 1114 voro
326 1054 447 1127 aethiops
462 1052 554 1113 adbuc
569 1053 670 1113 eadem
684 1051 845 1127 Angustam
860 1053 1043 1135 contendere.

244 1156 250 1164 ”
267 1146 375 1234 Reperi
390 1160 421 1218 in
439 1159 564 1232 hospitio
585 1158 730 1218 dominum
744 1158 903 1218 Martinam
918 1157 1062 1218 cesarem
1075 1174 1148 1222 ‚cnm
1162 1158 1275 1219 Joenne
1290 1151 1349 1216 Ga·

178 1263 270 1323 lacteo
286 1278 430 1324 sermones
442 1262 629 1323 conferentem
644 1278 678 1321 ec
693 1276 751 1323 una
765 1264 864 1337 pransi
879 1279 986 1323 snmus.
1024 1265 1058 1323 In
1073 1262 1196 1339 prandio
1210 1264 1350 1323 sermoni·

178 1370 241 1444 bns,
265 1374 298 1428 ut
317 1374 429 1445 tempus
452 1367 576 1440 ferebat,
600 1368 710 1428 animos
730 1353 940 1429 recreabamas.
977 1369 1058 1429 Aetia
1077 1370 1178 1443 gratiis
1193 1386 1211 1429 a
1225 1367 1350 1442 prandio

179 1454 274 1536 varios
284 1490 429 1535 sermones
438 1490 493 1548 ego
502 1480 532 1533 ei
545 1473 676 1534 dominns
686 1472 818 1533 fudimus.
839 1474 893 1534 Est
902 1476 978 1534 enim
989 1476 1034 1533 uir
1043 1474 1219 1533 smvisaine
1232 1487 1353 1531 eonsue-

178 1578 297 1639 tudinis.
337 1578 471 1639 Ostendit
494 1578 576 1639 nobis
596 1578 746 1651 scripturn,
766 1593 825 1652 quo
838 1580 950 1638 senatui
965 1578 1121 1639 Werdensi
1134 1578 1172 1639 ob
1186 1576 1352 1637 intricatam

179 1684 293 1771 interim
316 1694 506 1759 responsurus
529 1687 594 1743 erat
614 1688 673 1742 tam
694 1682 770 1757 ipse,
794 1700 881 1756 quam
901 1686 1049 1758 symmista
1070 1683 1142 1756 eina.
1177 1682 1289 1743 Habuit
1303 1682 1352 1741 bic

178 1788 324 1847 Martinus
348 1792 459 1861 patrem
480 1790 528 1862 qui
552 1793 583 1847 et
604 1787 666 1861 ipse
686 1788 812 1848 ecclesiia
833 1791 864 1848 in
883 1789 1074 1849 ecclesiastico
1088 1804 1208 1848 munere
1221 1786 1350 1862 prefuit,

179 1892 295 1953 nomine
307 1893 449 1953 ioannem
465 1893 617 1969 Ooeaerem,
633 1895 683 1968 qui
697 1892 772 1963 filim
787 1910 839 1954 sex
852 1893 956 1954 litteris
975 1894 1086 1977 institui
1101 1898 1260 1966 curaverat7
1277 1906 1350 1966 qno-

179 2012 243 2057 rum
263 1998 389 2073 quinque
408 1999 531 2058 ministri
552 2000 632 2063 verbi
654 2006 737 2074 sunt,
761 2000 943 2059 sextus'ludi
964 1998 1129 2060 moderator
1150 2000 1180 2058 iu
1204 1997 1351 2072 Auspacb.

179 2102 274 2163 Fuere
290 2119 359 2165 vero
374 2100 479 2163 batres
495 2105 622 2177 genuani
638 2120 749 2165 norem.
788 2106 883 2165 iiiito
902 2106 1024 2165 invicem
1037 2105 1207 2165 contulimus
1229 2104 1266 2163 de
1280 2118 1349 2161 cau·

179 2202 219 2267 ‘sis
235 2210 381 2283 religionis
396 2204 430 2268 ut
445 2210 594 2282 utriusque
608 2211 719 2269 animus
734 2211 825 2284 probe
839 2210 998 2286 explicatus
1011 2211 1057 2270 sit.
1090 2207 1221 2269 Tandem
1233 2221 1351 2268 mnsam

179 2314 234 2374 deo
249 2315 428 2375 comittentes
443 2330 515 2387 eam,
532 2330 595 2387 quae
611 2316 675 2388 pios
690 2315 789 2387 decet,
813 2315 968 2373 amicitiam
987 2314 1130 2375 inivimus.
1168 2304 1351 2388 Stipendium

181 2419 243 2495 ejus
258 2418 313 2479 init
326 2436 421 2479 annue
435 2416 538 2478 boroni
553 2424 665 2478 centnm
679 2424 803 2479 monetae
818 2421 949 2480 suevicu.

268 2523 375 2585 Eadem
398 2524 526 2583 Martino
549 2529 579 2582 et
598 2538 650 2583 suo
671 2526 825 2596 symmistae
846 2531 964 2586 senatus
983 2544 1037 2601 per
1056 2532 1117 2587 tres
1137 2512 1350 2591 viros-uenae-

180 2633 237 2692 lum
253 2631 333 2691 verbi
347 2627 544 2704 ministerium,
569 2631 620 2691 se'd
636 2631 761 2691 omnium
781 2649 894 2707 quoque
908 2637 1151 2692 sacramentorum
1165 2621 1350 2692 administra-

178 2737 284 2797 tionem
306 2735 469 2813 prohibuit,
493 2737 693 2812 precipientes
718 2753 832 2811 quoqne
856 2753 893 2796 ne
914 2737 1191 2812 postbae‘tenrpiam
1212 2742 1350 2809 unquam

178 2843 313 2919 parrechi
333 2842 570 2916 ingrederentur,
594 2843 699 2902 nollem
721 2857 835 2902 censam
850 2843 1070 2917 pretendentes,
1086 2843 1142 2902 nisi
1156 2841 1235 2916 qnod
1248 2841 1350 2900 civitae

178 2963 277 3008 eornm
292 2963 351 3008 non
365 2961 401 3005 ea
416 2950 509 3019 esset,
530 2961 595 3018 quer
616 2952 714 3021 posset
734 2948 836 3006 cesari
854 2949 1001 3009 resistere.
1036 2947 1121 3008 certe
1135 2947 1254 3022 pusillus
1277 2961 1350 3020 grex

179 3051 361 3126 Christi-qni
376 3051 491 3139 domino
502 3066 560 3110 nee
579 3051 608 3110 in
623 3051 677 3111 hoo
692 3052 800 3128 oppido
816 3052 919 3128 detuit,
939 3053 979 3115 ob
999 3047 1188 3114 amovendum
1201 3057 1350 3128 pastorem

180 3175 303 3221 merore
318 3155 443 3218 efficitur
459 3161 489 3218 et
502 3157 646 3218 Martinus
662 3159 757 3219 animo
770 3160 927 3220 christiano
940 3157 998 3241 fert
1011 3160 1086 3220 banc
1098 3161 1243 3235 injurium.

264 3264 345 3326 Nota
359 3263 396 3324 de
409 3261 549 3324 fidelitate
566 3249 713 3324 Chunuedi
728 3266 798 3326 coci.
900 3305 902 3310 ·
1361 3319 1364 3327 r

233 3387 236 3392 ·
266 3369 376 3431 Werda
396 3369 484 3430 babet
502 3368 617 3429 domum
637 3369 876 3447 Teutonicorum‚
896 3378 930 3432 at
942 3376 1060 3448 'vocant'
1072 3378 1103 3432 et
1117 3371 1278 3433 momen
1291 3369 1349 3430 Be·

177 3473 394 3548 nemetum,
410 3476 456 3534 cui
472 3474 562 3535 abbas
577 3481 693 3548 praest.
766 3468 769 3476 ’
1290 3502 1300 3515 ν·
1357 3481 1361 3486 ’

266 3580 383 3641 Werdae
404 3576 600 3670 desidentibus
620 3583 650 3638 et
672 3571 887 3652 expedientibus
908 3581 1058 3642 Liberium
1081 3587 1112 3642 et
1130 3580 1290 3642 Adriannm
1311 3597 1350 3641 en

104 3763 106 3768 Ι
177 3683 332 3767 inopinate
339 3688 479 3758 cognatus
494 3687 592 3742 noster
607 3682 734 3744 Joennes
749 3701 768 3743 a
782 3674 930 3762 Retbberp
944 3705 998 3750 uos
1012 3690 1043 3746 in
1056 3689 1182 3764 hospitio
1197 3689 1277 3762 odiit,
1299 3705 1348 3747 ro-

178 3805 252 3864 gans
266 3794 300 3849 ut
314 3804 377 3846 eum
392 3804 427 3847 eo
443 3803 631 3848 coenaremus.
656 3787 708 3848 Oui
722 3788 791 3849 dum
805 3805 914 3852 morem
928 3793 1062 3868 perimus,
1078 3794 1220 3858 ioannem
1233 3793 1272 3853 eb
1285 3791 1347 3859 Un-

177 3893 293 3968 genedt,
309 3892 480 3954 ambianum
496 3893 633 3954 baronem
649 3894 678 3954 iu
694 3894 935 3973 eodembospitio
944 3900 1059 3973 cognati
1073 3899 1166 3960 nonni
1181 3915 1244 3960 esse
1257 3876 1348 3972 auno·

176 3991 282 4074 vimus,
305 3998 355 4074 qni
372 3993 653 4075 juxtu'eognoninis
675 3999 720 4059 sni
735 4001 944 4077 ‚etymologiam
957 4004 1089 4064 veritatis
1107 4010 1261 4091 pauonum
1275 4019 1349 4077 pru·

177 4108 257 4164 stans
272 4104 318 4182 (ut
337 4109 382 4166 est
402 4106 487 4165 homo
507 4084 588 4166 ve’rbi
610 4104 702 4165 divini
723 4109 752 4184 et
766 4106 890 4181 ‘pietatis
904 4105 1016 4184 amans)
1038 4110 1132 4170 minua
1147 4108 1255 4170 fauoris
1269 4108 1349 4183 apud

177 4208 392 4272 Eerdinandnm
412 4213 611 4284 denumerat,
636 4211 685 4285 qui
705 4208 743 4269 ab
757 4210 965 4293 Angustabue
978 4220 1106 4291 venerat,
1128 4198 1256 4289 quesibi
1270 4212 1347 4276 eenr-

176 4320 279 4390 perato
294 4314 409 4392 navigio
424 4315 581 4376 Lineennm
595 4313 721 4374 Austriae
737 4315 924 4391 navigaturus
939 4301 1011 4378 erat.
1069 4340 1073 4346 ⁸

265 4419 343 4480 Nota
366 4418 403 4480 de
426 4417 601 4494 parricidiali
628 4416 694 4481 odio
714 4421 861 4482 civitatum
884 4423 1044 4484 munerum
1062 4425 1094 4483 in
1112 4425 1298 4500 Aumatunos
1318 4433 1349 4487 et

176 4524 342 4600 Umemer.
358 4525 447 4603 ‘qued
466 4524 697 4604 cumplurimum
716 4526 753 4589 de
767 4543 822 4589 sua
834 4527 1005 4592 tortitudine
1017 4536 1048 4592 et
1061 4532 1225 4605 consentia
1237 4532 1274 4594 de
1288 4533 1349 4594 suia
