3017 5225
792 386 838 453 44
907 373 910 379 ,

230 572 396 633 describens
417 571 480 631 hec
501 575 601 631 nostra
614 575 753 643 tempora.
793 566 914 628 Addidit
932 572 1027 629 summ
1047 566 1084 627 de
1098 568 1177 628 exitu
1195 568 1264 627 ritoe
1277 568 1405 629 Herodis

230 678 464 751 horribilissimo,
487 676 640 739 ostendeus
656 670 757 733 osum
777 689 862 733 nosse
887 674 938 746 qni
962 679 993 733 et
1010 678 1149 761 tyrannos
1169 673 1355 747 pessumdare
1376 680 1406 733 et

230 762 297 845 suos
320 784 432 857 eripere
451 781 563 843 debeat.
603 781 676 841 Item
699 765 941 852 quomodo‘neus
969 780 1000 837 in
1016 779 1262 852 impoenitentibus
1273 780 1405 853 supplicii

229 889 401 949 torditotem
410 902 504 960 poeno
518 887 663 960 grarime
679 876 852 959 compenset,
867 889 898 943 et
910 883 1053 957 quomodo
1064 883 1184 943 sublatis
1197 884 1329 957 tyrannis
1343 885 1404 943 suis

229 993 384 1067 mouendo
396 993 544 1065 respirare
560 987 656 1053 donet.
697 992 771 1050 Item
786 990 823 1050 de
838 998 922 1049 crree
936 989 1045 1061 Joseph
1061 994 1092 1049 et
1105 987 1209 1047 Marios
1224 989 1255 1047 in
1269 988 1403 1063 Aegypto

231 1098 309 1173 apud
317 1104 437 1173 gentem
450 1098 604 1157 idolatram
618 1102 648 1155 et
661 1093 841 1155 irrisionibus
850 1093 986 1173 deditam,
995 1098 1026 1152 et
1039 1094 1120 1178 quod
1126 1093 1256 1160 Christus
1271 1094 1403 1153 dominus

230 1220 322 1265 annos
336 1202 399 1263 iere
415 1208 540 1276 quatuor
560 1204 591 1260 in
605 1201 737 1277 Aegypto
760 1200 919 1275 peregerit,
940 1213 995 1257 nec
1007 1198 1039 1258 id
1053 1199 1167 1257 interim
1180 1205 1288 1273 tacens,
1309 1200 1402 1273 mejo-

229 1326 290 1371 rem
305 1315 383 1383 tunc,
398 1310 474 1368 siout
489 1312 519 1367 et
533 1324 617 1381 nunc,
633 1306 796 1386 mortalium
811 1311 922 1377 partem
936 1320 968 1363 se
982 1303 1021 1364 ad
1039 1303 1150 1366 ielicius
1171 1305 1252 1365 naris
1266 1305 1342 1364 lutus
1357 1306 1401 1363 in-

201 1398 206 1411 *
228 1414 349 1478 elinasse
365 1419 395 1473 et
409 1430 472 1473 earn
486 1411 588 1487 iidem,
612 1389 675 1485 qus
690 1412 768 1485 regi,
790 1411 865 1470 sient
880 1416 915 1474 et,
930 1426 1006 1502 nune
1021 1426 1105 1483 quem
1120 1408 1229 1469 Caesari
1244 1406 1325 1469 cordi
1339 1425 1403 1469 esse

228 1520 409 1593 probassent,
426 1519 674 1592 amplecterentur,
683 1521 721 1575 'et
736 1516 958 1606 quamexiguus
979 1500 1050 1589 grex
1070 1530 1147 1574 rerae
1162 1514 1290 1595 ecclesie
1304 1513 1402 1589 fuerit.

228 1620 310 1699 lteiu,
326 1626 441 1696 quante
449 1619 555 1683 fuerint
563 1624 723 1696 pressiones
740 1621 867 1681 eeclesiae
882 1620 936 1681 sub
942 1619 1068 1695 Nerone,
1082 1620 1219 1694 Trojano,
1225 1618 1400 1694 Domitiano,

229 1728 409 1794 Diocletiano
425 1733 454 1786 et
462 1728 497 1788 id
512 1744 602 1802 genus
617 1730 839 1803 imperatorum,
863 1732 896 1787 ut
914 1731 1020 1799 preter
1041 1725 1138 1785 omnia
1151 1726 1210 1784 ulia
1223 1726 1402 1787 incommoda

229 1839 259 1893 et
272 1838 317 1893 tot
335 1834 556 1909 persecutiones
571 1832 677 1906 publici
698 1833 784 1893 etiam
812 1836 968 1894 conventus
989 1830 1153 1889 christianis
1176 1828 1315 1903 prohibiti
1334 1832 1400 1906 sint,

216 1930 326 2013 itaut,
343 1940 411 1998 dum
426 1938 552 1998 interdiu
573 1952 630 1997 non
644 1942 776 2013 possent,
796 1944 880 1999 nocte
900 1936 937 1995 ad
953 1936 1084 1994 lucernas
1099 1937 1295 2009 convenerint,
1319 1936 1401 1996 etad

232 2042 284 2103 hos
298 2058 377 2118 usos,
387 2037 496 2119 inquit,
512 2042 639 2103 candelis
655 2048 684 2101 et
697 2042 885 2105 luminaribus
899 2041 945 2101 usi
958 2048 1025 2101 sunt
1043 2046 1155 2101 veteres
1169 2042 1327 2116 christiani,
1335 2057 1400 2120 ,uon

227 2153 260 2207 ot
274 2150 364 2223 stulti,
388 2148 501 2222 iuquit,
525 2148 572 2207 die
594 2148 759 2222 gottlosenn
773 2148 834 2208 und
849 2148 1003 2207 siellosenn
1016 2146 1188 2222 Papistenn‚
1210 2144 1328 2233 faciunt,
1352 2149 1400 2223 qui

230 2253 310 2314 clero
326 2255 399 2315 coelo
415 2269 513 2313 cereos
529 2243 695 2312 accendunt.
719 2254 793 2312 Item
808 2240 864 2325 quo
878 2252 983 2327 ardore
998 2258 1110 2333 veteres
1130 2252 1278 2312 christiani
1292 2258 1399 2326 marty·

229 2360 304 2418 rium
317 2360 506 2432 appetierint,
522 2358 595 2418 adeo
609 2362 642 2420 ut
657 2358 743 2415 etiam
758 2374 816 2416 non
836 2359 946 2418 evocati
961 2374 993 2417 se
1007 2358 1254 2436 ipsosprodentes
1268 2373 1398 2444 accurre·

229 2467 305 2535 rent,
321 2463 425 2535 risque
440 2460 557 2538 tandem
573 2452 735 2523 christianis
751 2478 775 2520 ιι
790 2460 978 2528 Constsntino
998 2479 1103 2537 magno
1125 2464 1190 2523 loeo
1205 2462 1319 2537 publica
1333 2462 1400 2522 dote

228 2573 257 2629 et
274 2566 382 2642 templa
402 2557 557 2646 constituta
581 2583 657 2642 esse,
678 2568 708 2626 in
730 2567 847 2643 quihus,
868 2570 980 2644 inquit,
1010 2566 1125 2629 Christo
1145 2568 1247 2646 laudes
1262 2568 1398 2644 dicerent,

193 2655 594 2747 -tdoctrr‘nem'apcstohcam
614 2673 752 2734 docerent
771 2680 801 2733 et
826 2675 1055 2756 recordationem
1078 2675 1179 2751 mortis
1199 2675 1348 2734 dominieae
1370 2676 1399 2733 in

225 2767 444 2852 participatione
464 2779 546 2852 panis
567 2783 597 2837 et
615 2779 710 2839 calicis
726 2763 920 2855 celebrarent,
968 2780 1014 2838 Ne
1028 2780 1125 2855 igitur,
1147 2781 1197 2854 eit,
1221 2778 1397 2853 despondea-
1484 2816 1485 2823 ι

227 2899 291 2942 mus
308 2890 337 2942 et
351 2899 403 2942 nos
418 2885 545 2943 animum
561 2883 590 2961 (o
605 2883 708 2958 pusille
723 2881 817 2958 grex),
838 2901 904 2944 nam
927 2885 1008 2946 dabit
1021 2885 1100 2944 Deus
1115 2885 1160 2943 his
1175 2901 1290 2973 quoque
1303 2883 1397 2945 finem

228 2987 301 3056 Item
315 3004 427 3062 semper
442 2990 497 3062 piis
513 2989 648 3062 doluisse,
664 2989 741 3062 quod
755 2988 887 3050 riderent
904 2989 1034 3062 pessimis
1048 2990 1210 3059 hominihus
1232 3005 1299 3050 suos
1311 3006 1397 3050 eono-

227 3097 274 3152 tus
290 3099 321 3153 et
335 3094 524 3166 appetitiones
539 3079 645 3167 optime
660 3093 772 3173 cedere,
803 3093 876 3153 odeo
889 3099 924 3152 ut
939 3095 1024 3181 etiarn
1037 3094 1157 3157 Doridis
1176 3098 1228 3167 pes
1241 3096 1274 3171 in
1287 3096 1396 3168 hac'lu·

206 3199 358 3259 bricitete
379 3215 452 3272 pene
472 3199 570 3274 lapsus
592 3197 688 3258 fuerit.
725 3200 761 3259 Id
782 3201 875 3275 ipsum
890 3216 1003 3272 quoque
1018 3215 1037 3258 a
1051 3200 1128 3263 Hioh
1151 3206 1181 3259 et
1195 3178 1323 3274 Jeremia
1336 3216 1398 3261 cum

225 3304 288 3364 eliis
303 3303 399 3364 multis
414 3303 477 3362 Deo
493 3303 666 3364 charissimis
681 3303 812 3377 patribus
827 3311 1013 3379 conquestum
1034 3315 1105 3366 ess‘e.
1145 3305 1289 3380 Oportere
1302 3311 1396 3365 autem

224 3418 288 3492 cum
307 3391 365 3468 lide
379 3415 409 3468 et
423 3425 474 3481 spe
494 3414 647 3482 expectare
667 3409 825 3485 dondnum,
850 3413 901 3484 qui
920 3427 987 3470 suos
1001 3411 1120 3481 tandem
1133 3417 1217 3471 eruet
1230 3412 1396 3485 er'ehetque.
1484 3412 1485 3423 ³

224 3513 364 3586 Exemplo
388 3518 456 3571 sunt
469 3513 579 3586 Joseph
595 3515 734 3575 nutricius
751 3516 854 3577 Marios
869 3516 988 3590 virginis
1004 3521 1034 3575 et
1046 3506 1129 3590 pueri
1137 3515 1218 3591 Jesu,
1234 3517 1283 3590 qni
1298 3533 1396 3594 quam·

194 3633 311 3692 'ouem
330 3618 420 3679 molto
441 3618 634 3686 intolerabilia
655 3621 684 3678 in
706 3620 839 3694 Aegypto
858 3621 988 3694 perpessi
1000 3617 1078 3695 sunt,
1101 3639 1159 3682 non
1172 3620 1395 3695 murmurarunt,

202 3716 214 3796 ξ
225 3723 277 3784 sed
292 3737 403 3804 summa
418 3703 559 3795 patientia
574 3730 777 3800 expectarent,
800 3726 892 3787 donec
912 3725 1029 3785 oraculo
1043 3724 1145 3786 moniti
1159 3727 1191 3786 in
1204 3726 1338 3786 Judoeam
1351 3743 1396 3785 re·

224 3829 298 3888 rerti
310 3827 490 3902 iuberentur.
505 3828 587 3916 ‘Item
602 3831 732 3903 exemplo
746 3822 855 3903 ioseph
869 3847 922 3892 nos
936 3831 1094 3905 prudentes
1108 3823 1172 3890 esse
1186 3837 1321 3904 oportere
1335 3848 1396 3891 mo·

224 3934 296 4014 nuit,
313 3933 362 4007 qui
378 3939 540 4006 quanquam
553 3914 591 3994 ¹eb
607 3935 708 4010 engelo
720 3937 818 4010 jussus
833 3934 922 3996 fuerit
934 3937 1102 3997 iuJudseam
1114 3953 1254 4012 remeare,
1269 3942 1397 3998 ebomen
1484 3922 1485 3925 ¹

213 4037 324 4120 inhoc
340 4043 438 4099 sancte
453 4019 606 4112 prodentia
621 4031 698 4114 usus,
717 4058 754 4100 ne
771 4057 835 4101 eam
856 4043 1050 4116 tetrarchiam,
1072 4045 1118 4102 eui
1131 4042 1283 4105 Ambilaus
1296 4044 1396 4124 proesi-

187 4199 194 4205 .
225 4142 319 4216 debat,
334 4144 472 4219 intraret,
493 4146 518 4203 si
542 4163 577 4205 ex
596 4147 651 4205 hoe
671 4146 801 4219 exemplo
821 4147 1005 4210 christianam
1026 4126 1213 4221 prudentiam¹
1224 4140 1398 4209 disceremus
1484 4202 1485 4209 ,

224 4248 341 4322 docens,
356 4253 389 4308 ut
403 4253 499 4308 temen
514 4251 705 4310 temeritatem
720 4255 750 4310 et
764 4251 1004 4324 proecipitantiom
1018 4238 1182 4312 ritaremus.
1206 4254 1279 4312 Item
1293 4252 1396 4312 Archi-

208 4354 301 4417 ἸΙιιιιιι
316 4352 404 4414 fuisse
419 4353 510 4413 filium
524 4355 650 4414 Herodis
664 4356 776 4429 magui,
798 4373 944 4431 nunquom
962 4362 1060 4416 tamen
1083 4369 1148 4429 eum
1163 4357 1303 4432 dignitate
1317 4359 1398 4435 regia
1484 4354 1485 4359 ’

191 4491 193 4495 ·
224 4460 390 4538 insignitum
404 4457 500 4520 icisse.
542 4437 618 4522 Huic
632 4459 753 4552 Pontius
768 4461 879 4527 Pilatus
894 4463 1107 4529 suceessitetc..
1135 4464 1210 4522 Item
1228 4463 1343 4530 locotus
1354 4468 1399 4523 est
1484 4504 1485 4539 ,
