3017 5225
748 436 811 501 l88

192 619 287 677 minus
301 617 434 693 precibus
450 616 589 690 instabat,
598 614 784 690 significans,
801 634 860 676 'nos
875 632 1013 676 1111111
1030 621 1162 675 nostrum
1174 616 1222 675 hic
1236 618 1370 691 insump-

191 725 265 782 sisse
288 722 415 795 nihilque
438 721 516 781 ultra
537 722 723 793 pecuniarum
746 722 793 781 vel
814 722 846 779 in
867 736 940 779 zona
961 737 1025 780 esse
1045 722 1091 779 vel
1111 722 1227 780 aliunde
1249 722 1371 779 corradi

193 842 287 899 posse.
317 828 437 897 Insuper
454 830 482 884 et
498 842 587 897 equos
602 826 748 885 venditum
764 827 811 884 iri
841 826 953 884 Praesul
967 828 1022 885 etsi
1040 843 1102 885 rem
1122 826 1299 885 detrectaret
1315 829 1368 883 ta·

193 946 259 989 men
274 932 418 1005 precantis
433 930 650 1003 importunitate
664 931 755 989 victus
777 931 832 1002 ait,
854 930 901 987 abi
922 936 951 988 et
970 946 1041 990 voca
1063 931 1210 989 dominnm
1229 911 1312 988 tuum
1330 934 1368 987 ut

193 1050 280 1108 quam
295 1036 425 1094 ocissime
439 1051 485 1093 me
502 1016 692 1109 subsequatur
707 1034 737 1094 iu
752 1034 890 1107 palatium
905 1036 1030 1093 casaris.
1054 1036 1189 1094 Liberius
1201 1036 1290 1107 igitur
1304 1049 1368 1091 non

193 1141 314 1213 impigre
330 1140 464 1211 cucurrit,
481 1155 526 1196 me
540 1138 595 1197 hac
608 1137 657 1197 die
672 1139 743 1197 nihil
758 1139 851 1197 minus
866 1140 1041 1211 cogitantem
1054 1139 1201 1211 accersiit,
1217 1153 1270 1195 nec
1284 1136 1365 1210 ipsess

192 1249 252 1303 met
266 1260 319 1317 ego
334 1243 532 1304 cantabundus
547 1247 664 1315 arrepta
678 1244 778 1301 111111
790 1220 927 1301 velociter
940 1243 973 1299 in
986 1244 1124 1315 palatium
1132 1242 1275 1301 contendi.
1299 1242 1365 1312 Quo

192 1363 257 1405 cum
272 1354 386 1407 ventum
401 1352 460 1420 est,
482 1349 622 1420 posticum
637 1346 778 1407 intrantes
793 1346 900 1421 modus
915 1348 1024 1419 aliquot
1038 1346 1270 1418 conscendimus,
1292 1346 1366 1404 Pin·

192 1452 338 1526 cingerum
357 1455 402 1512 in.
414 1452 577 1511 ambulacro
606 1451 701 1511 cubito
721 1451 834 1511 haerere
855 1450 1036 1528 conspicati.
1058 1452 1143 1509 Hunc
1165 1468 1234 1523 ergo
1256 1451 1364 1510 Florus

192 1558 269 1617 illico
284 1556 626 1629 accedensinterrogarit
641 1556 676 1615 de
692 1557 773 1615 aditu
786 1554 824 1615 ad
838 1555 1000 1638 praesulem.
1023 1556 1052 1615 Is
1062 1556 1152 1629 jubet
1160 1534 1194 1614 ut
1208 1557 1238 1613 in
1252 1553 1369 1630 hyber1

192 1656 338 1732 naculum,
363 1661 470 1733 quode
486 1662 603 1733 regione
619 1661 713 1719 nostri
732 1665 809 1745 erat,
829 1662 1011 1720 intraremus.
1024 1723 1027 1734 ,
1042 1648 1166 1719 Januam
1186 1660 1274 1732 igitur
1294 1659 1362 1731 pul·

192 1766 321 1823 sentibus
344 1766 436 1836 primo
464 1766 598 1823 ostiarius
620 1764 739 1824 introitu
763 1781 815 1823 uos
836 1764 993 1839 prohibuit.
1033 1765 1242 1838 Superveniens
1263 1769 1363 1844 autem

191 1870 289 1929 senior
304 1870 419 1941 quidam
433 1870 567 1927 ostiarius
582 1886 640 1929 non
654 1870 745 1928 solum
759 1870 790 1929 in
804 1870 860 1928 hoc
873 1870 1097 1943 hybernacnlum
1111 1869 1164 1926 sed
1178 1874 1208 1939 et
1226 1864 1265 1925 in'
1280 1859 1363 1925 aliud

192 1990 318 2048 quoque,
340 1975 421 2049 erq'us
436 1974 561 2047 parietes
575 1973 643 2051 huic
657 1976 785 2047 contigui
801 1981 897 2047 erant,
919 1979 951 2032 et
969 1990 1058 2047 nsque
1079 1972 1118 2048 ad
1137 1973 1278 2031 atriolum
1292 1978 1363 2032 ante

191 2076 351 2137 cubiculum
365 2079 482 2137 1111111
497 2078 674 2151 introduxit-
691 2080 724 2137 Iu
740 2080 844 2139 atriolo
857 2080 947 2153 igitur
961 2078 1044 2137 nabis
1058 2076 1292 2151 praestolantibus
1307 2094 1361 2135 an-

191 2184 244 2241 1111
259 2199 393 2256 proceres
413 2182 553 2257 adrepere
572 2190 730 2257 coeperunt.
762 2183 834 2242 Post
854 2182 942 2242 breve
959 2183 1097 2265 temporis
1116 2181 1243 2253 spacium
1262 2183 1363 2241 senior

191 2288 241 2345 lile
257 2287 459 2361 cubicularius,
484 2289 533 2359 qui
548 2303 600 2345 nos
616 2302 649 2345 eo
664 2286 878 2360 introduxerat,
903 2288 1023 2347 acubili
1037 2287 1152 2345 casaris
1167 2286 1283 2345 redieris
1303 2286 1355 2357 ait,

191 2391 410 2452 Atrebatensem
426 2391 541 2462 quidem
555 2392 631 2448 intro
646 2391 724 2463 apud
738 2407 875 2449 caesarem
890 2407 967 2464 esse,
990 2407 1091 2449 verum
1109 2406 1261 2463 cesarem,
1285 2406 1359 2448 non-

194 2496 262 2553 dum
277 2495 402 2553 vestibus
417 2494 557 2559 indutum
595 2494 711 2553 Interea
725 2494 854 2554 Eubulus
870 2494 924 2553 deo
939 2501 969 2554 et
987 2497 1160 2578 cogitatione
1180 2500 1210 2553 11
1229 2494 1361 2552 oratione

192 2599 342 2672 negocium
355 2615 438 2658 omne
454 2598 602 2658 commisit.
639 2598 766 2658 Tandem
784 2599 961 2672 Papeuheim
980 2599 1155 2680 monoculusx
1168 2599 1362 2658 marschalcus

191 2703 305 2777 imperii
318 2701 442 2781 advenit.
473 2705 502 2762 Is
519 2721 554 2762 ex
568 2705 655 2763 Floro
671 2706 830 2764 sciscitatus
845 2712 901 2779 eet,
927 2706 1058 2778 quisnam
1071 2710 1149 2766 esset
1169 2704 1230 2762 illic
1248 2702 1286 2760 ad
1308 2719 1372 2761 ca-·

176 2810 299 2888 ¹minum
311 2813 421 2868 astans.
459 2808 562 2894 Flemus
577 2809 726 2884 respondit
746 2825 815 2868 esse.
829 2809 999 2872 Wolradum
1019 2810 1189 2891 comitema
1209 2806 1361 2867 Waldeck.

192 2913 317 2972 Rursum
332 2893 522 2972 marschalcus
536 2911 610 2971 infit:
634 2914 724 2983 Estne
739 2915 786 2972 hic
799 2930 895 2973 comes
909 2901 968 2987 ille,
985 2914 1035 2986 qui
1049 2929 1081 2971 se
1095 2911 1363 2983 adeaesarisgenua

192 3017 395 3090 provoluturus
411 3015 475 3073 est?
498 3017 701 3090 Respondente
716 3018 818 3101 Floro:
841 3019 904 3078 Imc
918 3020 943 3076 11
958 3023 1017 3090 111,
1040 3015 1217 3089 Papeuheim
1239 3031 1291 3073 111
1313 3029 1360 3072 aa·

192 3121 288 3180 lutens
309 3121 363 3179 ait:
387 3121 522 3196 Domine,
543 3121 598 3180 tibi
616 3121 760 3180 machara
782 3121 952 3195 deponenda
971 3127 1030 3179 eat:
1055 3121 1086 3179 Si
1100 3137 1173 3194 puer
1188 3119 1292 3191 aliquis
1307 3117 1361 3177 ad·

192 3231 278 3298 esset,
290 3226 344 3298 qui
359 3242 426 3286 eam·
436 3229 490 3286 tibi
504 3230 675 3286 asservaret.
706 3225 750 3284 Ae
764 3227 826 3318 ipse
840 3225 1047 3305 machaleus,
1069 3231 1103 3284 ut
1118 3230 1172 3292 ,111
1187 3223 1277 3281 homo'
1291 3237 1362 3280 vere

192 3330 300 3402 probus
315 3337 344 3390 et
358 3332 537 3404 simplicioris
552 3329 674 3405 ingenii,
689 3330 850 3390 adrianum
864 3327 994 3391 nostrum
1007 3331 1129 3391 accessit
1143 3345 1177 3386 ac
1191 3318 1234 3386 illi
1248 3326 1360 3400 madia

185 3433 250 3494 lum
266 3436 400 3508 tradidit,
424 3449 613 3510 reversusque
629 3435 666 3493 ad
681 3450 747 3506 noa,
769 3436 872 3508 quibus
888 3434 1065 3495 caeremoniis
1080 3451 1133 3492 111
1148 3432 1185 3492 ad
1199 3447 1294 3505 genua
1309 3429 1360 3488 de·

191 3541 385 3612 mitteremus„
395 3539 503 3610 docuit,
517 3540 622 3611 jubens
632 3537 733 3598 faciem
741 3541 779 3598 ad
793 3546 900 3598 terram
910 3556 1030 3614 pronam
1041 3536 1293 3617 haberem,.donec
1306 3536 1360 3592 im·

145 3694 147 3698 .
190 3635 377 3714 peratorips'e
385 3659 429 3702 me
438 3643 658 3714 admajestatem
669 3659 747 3702 suam
757 3645 895 3705 accedere
902 3645 1026 3718 juberet.
1051 3644 1242 3714 Quamobrem
1251 3641 1361 3714 gratias

191 3744 233 3802 illi
245 3761 332 3818 agens
347 3763 401 3818 pro
415 3746 470 3803 hac
481 3744 683 3804 informatione
697 3755 727 3806 et
738 3745 869 3820 quodme
879 3750 1019 3808 hactenus
1028 3751 1059 3806 in
1069 3749 1194 3820 hospitio
1204 3747 1360 3818 impertur-

190 3849 289 3908 batum
304 3849 467 3922 reliquisset
482 3849 560 3926 (nam
574 3849 764 3924 hospitiorum
780 3853 911 3912 ordinum
925 3854 1039 3928 imperii
1054 3855 1177 3910 metator
1192 3848 1258 3924 est).
1287 3849 1363 3906 Erat

191 3951 362 4012 autem·fere
378 3951 496 4012 decima.
527 3955 613 4014 Venit
626 3957 743 4015 tandem
764 3957 960 4030 Schaumberg
979 3955 1051 4013 baro
1070 3963 1100 4013 et
1119 3962 1236 4028 praetorv
1248 3953 1361 4026 palatii,

190 4059 259 4116 item
274 4057 439 4146 capitaneus
454 4058 650 4119 excubitorum
664 4062 782 4120 caesaris
806 4060 936 4119 dondnus
960 4047 995 4121 de
1018 4061 1183 4135 Zeltingen,
1210 4062 1240 4119 et
1262 4058 1361 4130 plures

190 4162 258 4220 Itali
270 4145 315 4220 11
326 4163 403 4221 Iberi
425 4147 544 4224 caesarei
563 4167 813 4241 anteambulones3
837 4182 890 4224 nec
909 4165 1012 4225 aberat
1032 4166 1175 4223 Patr-usa
1193 4159 1360 4233 Malvenda,

191 4249 241 4338 qui
257 4265 379 4339 obliquis
395 4269 483 4327 oculis
498 4286 550 4327 nos
565 4257 684 4328 intuitus
699 4271 798 4331 sedulo
813 4271 878 4330 risit
899 4276 928 4328 11
949 4267 1010 4329 sere
1033 4259 1123 4342 digito
1147 4267 1359 4339 demonstrans,

190 4372 273 4444 quasi
288 4371 406 4430 diceret:
418 4373 501 4432 --Hoc
511 4379 554 4432 est
570 4375 648 4450 quod
663 4373 875 4450 desiderabam,
900 4376 968 4448 quia
982 4376 1064 4449 pejus
1079 4372 1174 4432 facere
1195 4371 1280 4430 modo
1300 4387 1361 4429 nou

189 4493 316 4550 possum.
347 4474 443 4538 Habet
458 4484 553 4568 autem
570 4469 659 4540 caesai·
674 4475 793 4571 parvum
808 4480 1032 4552 hybemaculun
1055 4477 1188 4537 cubiade
1204 4492 1256 4535 suo
1275 4476 1360 4548 junc-
