3017 5225
525 1199 624 1271 duli-
637 1200 781 1271 wollin
803 1200 850 1271 ll
872 1201 988 1271 BlillllZ.

257 1374 298 1463 In
311 1405 429 1478 antiqno
445 1403 557 1465 dierum
578 1406 608 1466 in
625 1404 739 1469 cbristo
760 1407 881 1467 salutem
901 1410 933 1465 at
948 1404 1141 1481 impletionem
1161 1411 1194 1470 ut
1208 1411 1238 1467 11
1251 1408 1277 1469 si
1291 1424 1338 1470 se·

168 1510 283 1569 aruerint
296 1515 392 1569 tamen
406 1510 530 1587 plantati
544 1512 575 1569 iu
589 1510 673 1571 domo
689 1512 797 1572 domini
810 1513 921 1586 vegim
935 1516 1132 1585 permaneant.

248 1614 1336 1690 ..111111111111111111111(1111(1111111111111111111,(11111

168 1718 257 1781 electe
272 1720 384 1781 domine
407 1726 437 1781 11
460 1722 654 1782 amantissime
669 1719 788 1797 Brund,
812 1722 940 1798 quamvis
962 1723 1090 1784 eeclesia
1110 1722 1196 1783 rebus
1210 1736 1264 1781 noa
1277 1737 1337 1785 non

166 1825 287 1899 pubbais
311 1842 345 1885 ae
365 1826 527 1914 domestiois
549 1807 580 1889 ds
597 1830 620 1885 1.
636 1826 770 1887 obrutum
793 1828 881 1887 seiam
899 1831 997 1889 tamen
1019 1825 1142 1888 11111111
1157 1826 1307 1887 (11111111
1323 1822 1336 1866 ¹

166 1928 332 1992 Ratisbonas
350 1932 423 1991 inita
443 1938 472 1992 et
487 1931 661 2006 siutgardioe
685 1937 826 1993 renovata
839 1933 947 1993 amoris
965 1945 1036 2006 ergo
1050 1932 1120 1991 mibi
1132 1931 1263 1991 inhibere
1277 1946 1336 1991 non

166 2036 248 2109 potui
261 2036 307 2093 his
322 2037 421 2109 paucis
436 2036 465 2095 (1.
481 2039 503 2095 1.
518 2034 712 2110 interpellare.
749 2038 790 2096 Et
803 2038 927 2112 primum
950 2038 1033 2111 quasi
1046 2039 1112 2109 post
1125 2051 1255 2095 somnum
1269 2033 1334 2095 dul·

165 2139 308 2199 eissimam
323 2142 447 2216 quietem
462 2120 559 2201 reruni
567 2138 604 2218 (si
618 2142 763 2203 veteribus
776 2144 870 2215 poetis
880 2130 1150 2215 iidesxasse‘debet)
1164 2142 1195 2199 in
1209 2143 1335 2199 mentem

165 2242 320 2318 aliquando
336 2244 370 2304 (1.,
380 2250 401 2305 1.
417 2247 515 2306 venire
530 2245 666 2321 arbitror,
683 2249 761 2320 quod
775 2248 842 2307 olim
853 2247 1020 2309 Ratisbonae
1035 2245 1103 2307 duur
1117 2246 1174 2319 pia
1188 2243 1334 2304 memoria

165 2348 246 2407 divus
261 2350 388 2409 loannes
401 2348 517 2409 Diazius
525 2350 626 2411 Iberus
636 2350 742 2411 Christi
755 2369 822 2411 mox
835 2352 1103 2426 martereuburgi
1116 2350 1156 2415 ad
1169 2348 1335 2418 Danubium

164 2449 256 2513 iaetus
270 2471 315 2515 me
331 2452 418 2515 semei
442 2461 529 2530 atque
549 2458 654 2535 iterum
674 2457 789 2518 chartas
808 2459 967 2517 illidentem
986 2458 1135 2517 maeniana
1154 2472 1207 2529 pro
1222 2471 1274 2515 suo
1290 2452 1347 2531 (ut

164 2556 253 2634 nosti)
268 2576 348 2621 more
362 2561 436 2622 seira
451 2562 569 2636 cupiens
585 2563 721 2637 quidnam
742 2563 778 2622 iis
792 2564 893 2623 neniis
908 2579 1045 2638 conarer,
1068 2562 1123 2638 ipsi
1145 2576 1191 2621 me
1210 2561 1333 2621 interro·

163 2667 252 2740 genti,
268 2667 418 2742 respondi,
440 2685 485 2728 me
500 2667 618 2741 singulis
635 2667 735 2756 diebus
750 2686 837 2729 uuam
855 2670 901 2728 vel
920 2670 1025 2730 ducere
1038 2669 1143 2728 lineam
1157 2666 1244 2738 velle,
1264 2663 1334 2739 quid

163 2785 261 2830 rerum
274 2767 333 2828 illio
346 2775 482 2844 ageretur
498 2770 576 2844 quod
591 2788 654 2830 euru
678 2773 740 2833 viro
755 2774 804 2832 illo
820 2777 918 2833 saneto
929 2772 984 2850 ·(ut
997 2765 1027 2832 ni
1041 2771 1126 2832 fallor
1140 2769 1333 2830 eandidissimi

163 2877 228 2933 erat
241 2872 362 2950 ingenii)
377 2875 484 2934 homini
499 2876 602 2934 mirum
617 2877 647 2934 iu
661 2874 873 2938 modum'oordi
885 2875 949 2938 fnit.
981 2878 1030 2939 Sia
1042 2878 1141 2950 itaque
1156 2875 1194 2935 ab
1208 2890 1244 2934 eo
1258 2879 1331 2932 tam·

162 2990 234 3052 pora
248 2980 279 3038 id
293 2995 347 3054 par
369 2980 496 3055 singulos
516 2981 577 3041 dies
591 2981 661 3041 mihi
681 2986 711 3042 11
731 2984 755 3042 si
770 3000 829 3044 non
842 2983 949 3058 Musis,
972 2998 1094 3058 quarum
1114 2981 1185 3039 mibi
1199 2978 1330 3054 proiecto
1409 2973 1412 2976 ’

162 3085 241 3145 nulla
250 3090 294 3145 est
303 3087 405 3163 gloria,
420 3088 471 3147 sed
480 3093 576 3148 tamen
585 3087 915 3150 refricationimemoria
924 3089 1043 3150 tentavi.
1059 3087 1163 3160 Sitque
1176 3083 1271 3144 forulo
1280 3082 1333 3142 ubi

161 3188 277 3251 libuerit
288 3191 315 3251 d.
328 3198 349 3252 1.
362 3193 494 3253 libandas
508 3195 585 3266 ipsas
595 3211 672 3253 meas
687 3195 795 3254 naenias
810 3209 885 3254 anno
900 3191 1188 3270 elapsoStudssardiae
1203 3204 1331 3265 praeseus

161 3300 194 3354 ut
207 3297 284 3370 patri
300 3303 330 3356 11
343 3299 433 3358 amieo
448 3296 566 3357 tradidi.
604 3297 643 3355 Et
666 3315 742 3356 nune
756 3304 848 3358 macte
863 3299 987 3358 candore
1002 3297 1189 3369 doctrinaque
1203 3295 1330 3355 laamas

160 3400 230 3459 mihi
249 3403 279 3460 in
300 3407 423 3460 mentam
444 3401 538 3473 venit,
559 3401 694 3473 promissi
714 3403 750 3461 de
771 3401 942 3477 Augustana
962 3419 1027 3462 mea
1041 3399 1233 3485 proiectione,
1257 3411 1329 3470 quas

83 3503 88 3512 “
160 3502 356 3562 miscellaneae
373 3498 386 3536 ²
402 3519 460 3562 uon
476 3503 562 3562 etiam
577 3503 762 3578 morionibus,
778 3508 864 3566 etiam
878 3525 931 3567 sua
945 3513 1013 3567 sunt
1026 3505 1141 3567 nomina
1154 3501 1246 3562 eidem
1260 3500 1289 3560 d.
1304 3489 1331 3558 t'

130 3585 132 3592 ¹
161 3605 327 3666 charissimo
347 3607 423 3680 patri
442 3610 471 3666 11
486 3607 577 3666 amieo
601 3623 654 3681 pro
674 3606 741 3668 fidei
754 3613 819 3668 tuae
842 3612 1013 3686 dexteritate
1030 3609 1195 3671 transmitto
1218 3606 1330 3664 utinam

161 3715 256 3770 autem
271 3717 432 3786 superesset
451 3716 521 3772 aetas
541 3713 679 3774 memoria
698 3718 728 3772 11
742 3713 836 3771 ouium
854 3713 985 3774 lectionis
998 3717 1067 3776 milri
1082 3714 1249 3786 contingere
1262 3725 1330 3785 pos-

161 3819 215 3888 set,
230 3821 264 3878 11
277 3814 313 3875 (11
328 3815 404 3875 omni
419 3816 478 3898 vita
493 3817 662 3891 operatione
676 3823 799 3890 utraque
813 3799 934 3878 senuna
945 3818 974 3879 d.
989 3823 1011 3878 t.
1027 3800 1153 3895 ejusdem
1168 3815 1329 3892 argumenti

160 3919 304 3980 volumina
321 3926 372 3981 tua
392 3935 479 3980 manu
493 3921 637 3995 descripta
660 3922 725 4000 (sed
741 3922 796 3983 deo
815 3922 917 3997 graue
935 3921 1041 3984 bonam
1055 3927 1086 3982 at
1104 3927 1203 3982 notum
1225 3935 1330 3980 nomen

159 4028 240 4084 tuum
255 4030 410 4084 estveoram
424 4022 568 4101 ecelesiar)
580 4025 772 4103 obtingerent,
784 4027 900 4088 viderer
908 4027 978 4085 mibi
988 4025 1053 4100 plns
1067 4025 1197 4086 thesauri
1210 4026 1241 4084 in
1255 4025 1327 4084 mni·

159 4132 254 4190 torum
269 4132 355 4190 etiam
369 4128 483 4203 piorum
502 4129 624 4192 maxine
648 4131 872 4195 adoleseeutium
887 4135 1136 4206 111(1111111111,Υ
1158 4146 1245 4204 quam
1259 4130 1328 4191 olim

733 4263 750 4300 tlt

233 4361 299 4414 lde
317 4368 406 4415 nostra
424 4362 560 4415 amicitia?
587 4363 651 4416 oder
675 4370 755 4417 etwas
783 4365 829 4416 der
845 4370 893 4418 art.
951 4368 966 4416 2
994 4363 1029 4418 So
1047 4361 1094 4414 hat
1111 4360 1220 4415 Wolrad
1238 4362 1328 4430 aigun.

158 4446 261 4516 hilndig
278 4452 422 4518 oorrigiert.
458 4451 496 4503 Es
515 4443 584 4503 wau:¹
605 4451 813 4516 „maalmam
1079 4468 1082 4474 ¹
