3017 5225
652 394 655 401 ’
719 428 741 492 a

209 681 211 689 ,
234 614 340 676 Libuos
361 627 381 673 a
402 609 517 673 domim
538 610 605 673 Vito
628 609 722 681 datos·
734 608 860 686 Georgia
881 600 1004 672 Weideu
1023 612 1246 699 compingendae
1265 614 1315 673 de·

144 721 249 782 diuum.
1242 778 1247 785 .

235 824 358 885 Domine
377 823 457 897 Jesu,
481 836 546 883 cum
566 822 687 897 ipsemet
708 822 746 881 sis
765 822 885 898 veritas,
906 824 1078 884 inveritate
1098 839 1211 898 quoque
1225 826 1317 900 patris

145 930 189 989 tui
203 929 312 991 locatus
327 928 375 1004 sis,
397 928 597 989 neminem-ex
611 926 695 987 nohis
714 928 827 987 miseris
848 928 1017 989 mortalibus
1036 945 1089 988 sua
1108 930 1195 989 anxia
1214 930 1317 990 sollici·

147 1035 246 1095 tudine
268 1034 314 1095 vel
334 1032 390 1093 sibi
412 1034 539 1094 cubitum
559 1031 745 1107 longitudinis
767 1033 893 1108 aedicere
912 1048 1006 1107 posse,
1029 1034 1071 1094 ita
1090 1033 1190 1093 volens
1209 1050 1261 1094 noa
1280 1034 1317 1094 do

148 1144 246 1201 nostra
259 1154 334 1199 vana
347 1154 382 1199 ac
400 1138 490 1199 stulta
508 1152 579 1197 cura
599 1142 629 1197 et
647 1138 742 1197 inutili
760 1139 879 1198 tristitia
897 1137 936 1197 ad
955 1122 1095 1212 cogimtus
1115 1146 1228 1199 nostros
1243 1140 1274 1200 in
1287 1146 1317 1200 te

145 1243 314 1319 rejiciendos
334 1244 460 1305 adicere.
500 1242 543 1302 Te
557 1256 691 1317 rogamus
713 1247 797 1316 pater
819 1246 850 1303 et
862 1244 1042 1318 redemptor,
1067 1243 1105 1303 da
1125 1243 1208 1303 nohis
1229 1244 1316 1320 terre,

144 1366 209 1425 quae
220 1351 299 1425 juste
314 1350 449 1425 patimur,
464 1346 519 1407 tibi
533 1345 622 1409 fidere
639 1350 745 1407 etate
761 1349 852 1407 omnis
866 1349 911 1407 rei
924 1354 1057 1408 eventum
1073 1357 1248 1426 exspectare,
1268 1352 1317 1425 qui

144 1457 217 1517 vivis
232 1459 263 1515 et
277 1470 381 1530 regnas
397 1460 451 1515 etc.
886 1494 889 1498 .

233 1561 272 1636 xij
296 1560 404 1638 Aprilis
426 1576 462 1620 ex
481 1560 580 1620 norica
599 1559 671 1622 urbe
690 1558 759 1619 dum
779 1560 887 1623 abitum
906 1577 1055 1637 paramus,
1078 1562 1230 1637 singularis
1249 1561 1316 1622 doc·

66 1692 70 1697 ·
144 1666 229 1725 trinae
244 1671 274 1726 ot
292 1666 454 1741 prudentia
473 1666 645 1742 pietatisque
666 1682 783 1726 smnmae
803 1665 847 1724 vir
865 1665 1058 1741 Hieronymus
1072 1666 1318 1742 Bamngartnerus

144 1776 262 1832 senator
282 1776 312 1833 et
330 1772 468 1848 patricius
482 1770 714 1846 norimbergensis
730 1788 783 1833 nos
798 1774 941 1847 conuenit,
964 1774 1014 1846 qui
1032 1774 1109 1833 inter
1126 1779 1231 1834 catera
1243 1774 1317 1833 hac

145 1876 209 1935 ciue
223 1892 299 1935 nuuc
313 1891 376 1936 esse
389 1883 521 1952 tempora
535 1878 586 1951 ait,
610 1886 643 1937 ut
658 1892 740 1937 nemo
756 1878 848 1938 amico
863 1879 910 1936 ael
923 1894 976 1953 per
991 1883 1085 1937 mutos
1099 1879 1226 1953 nuncios,
1248 1878 1318 1953 quid

146 1982 225 2041 intus
239 1977 323 2055 ierat,
347 1981 460 2057 aperire
474 1981 574 2056 possit,
591 1987 620 2040 et
634 1992 665 2040 se
681 1984 785 2056 vereri,
801 1982 905 2042 multos
919 1981 981 2041 hnc
994 1987 1127 2057 tempora
1140 1983 1318 2057 productura

146 2090 297 2160 martyres.
322 2094 325 2101 “

132 2240 138 2259 ,
234 2190 459 2267 ANoriuberga
474 2193 727 2267 weissenburgum
744 2194 783 2250 im
798 2190 926 2253 Norkaw
940 2193 995 2252 iter
1010 2193 1191 2267 arripuimus.
1222 2196 1256 2254 In
1270 2199 1318 2257 oia

145 2303 190 2359 est
211 2298 347 2373 oppidum
368 2296 543 2357 Schwahaoh
565 2313 628 2357 cum
648 2300 745 2356 castro
765 2314 783 2356 a
803 2297 953 2370 coquenda
966 2300 1105 2359 cerevisia
1124 2300 1250 2375 celebre,
1273 2300 1317 2362 di-

146 2406 232 2467 tionis
252 2404 448 2464 marchionum
467 2402 611 2464 Anabach.
649 2403 722 2462 Item
742 2408 838 2463 castra
856 2403 1031 2477 Anuenherg
1050 2405 1176 2486 episcopi
1195 2405 1316 2467 eichsta-

146 2510 235 2571 tensis
258 2515 288 2569 et
308 2509 430 2583 lllingen
452 2510 583 2584 magistri
602 2508 751 2581 teutonici,
776 2508 826 2583 qni
852 2509 969 2571 nahone
989 2508 1090 2570 Catius
1112 2527 1149 2572 ex
1171 2518 1318 2573 stemmate

146 2617 182 2677 de
197 2616 397 2691 Milchlingou‚
421 2617 467 2675 cui
481 2631 585 2678 nomen
603 2615 622 2674 J
624 2630 745 2690 oannes,
769 2615 838 2674 licet
856 2616 940 2676 nimis
959 2619 1102 2691 gratiosus
1118 2618 1167 2695 (ue
1181 2618 1251 2692 quid
1265 2616 1316 2678 du·

146 2721 207 2782 rins
221 2720 257 2782 de
271 2721 352 2783 Jouis
366 2719 426 2782 filio
442 2719 547 2796 dicam)
564 2721 595 2780 in
609 2721 735 2796 patriam
748 2717 845 2779 fuerit.
875 2721 986 2781 visitur
1005 2728 1034 2781 et
1052 2738 1107 2782 arx
1124 2722 1272 2796 Heydeok.

235 2829 441 2903 Weissenburg
460 2828 532 2896 urbs,
549 2831 594 2888 ast
608 2825 764 2900 imperialis
784 2842 803 2885 a
817 2825 999 2901 Norinberga
1013 2827 1137 2888 mdiaria
1151 2831 1261 2902 septem
1273 2827 1317 2889 di·

147 2940 236 3010 stans,
253 2935 320 2994 olim
333 2951 386 3009 per
400 2935 568 2994 exconsules
582 2932 822 3007 norimbergenses
837 2932 1001 3007 regebatur.
1025 2932 1109 2992 Nunc
1126 2933 1231 2992 vexiha
1242 2933 1317 2992 mili·

148 3041 224 3102 tatia
237 3045 305 3100 ante
320 3045 420 3115 portas
435 3055 583 3116 suspensa,
600 3039 663 3112 quis
677 3037 764 3112 hunus
778 3037 858 3098 urhis
873 3039 949 3112 potis
963 3039 1011 3112 sit,
1025 3039 1097 3099 satis
1110 3037 1317 3099 demonstrant.

147 3145 255 3207 Misere
270 3146 345 3206 enim
360 3147 445 3220 dves,
469 3145 536 3205 dum
551 3160 609 3205 uon
625 3144 702 3204 ocius
717 3143 887 3204 inconsultis
902 3143 1017 3203 Noricis
1033 3142 1204 3204 Caesarianis
1218 3150 1318 3220 portas

147 3256 280 3318 renuant
294 3250 374 3328 (licet
387 3252 418 3310 in
432 3253 552 3325 gratiam
568 3248 701 3325 recepti)
716 3257 814 3309 tamen
828 3248 884 3306 hoc
897 3247 1077 3306 incommodo
1096 3249 1263 3324 multantur,
1285 3256 1318 3309 ut

146 3355 339 3418 hebdomadas
360 3372 461 3418 nouem
485 3355 542 3416 duo
562 3355 642 3414 milia
661 3354 821 3428 iberorum,
844 3366 917 3424 quos
936 3351 1098 3410 militariter
1117 3352 1228 3424 equites
1246 3354 1317 3414 levis

146 3467 299 3522 armaturae
315 3463 422 3536 dicunt,
437 3466 467 3521 et
480 3461 605 3535 hospitio
620 3460 753 3534 excipere
768 3463 798 3518 et
810 3457 888 3518 alere
900 3461 1083 3532 cogerentur,
1092 3451 1213 3531 quorum
1226 3459 1318 3532 major

146 3583 215 3642 pars
229 3567 343 3642 hospite
358 3567 514 3628 insduhto
528 3565 609 3627 abiit.
639 3565 793 3624 Retinetur
808 3561 902 3622 adhuc
917 3560 995 3636 apud
1012 3562 1077 3622 illos
1093 3563 1223 3623 doctrina
1237 3564 1317 3625 verbi

146 3687 229 3748 pura,
253 3676 293 3746 at,
316 3671 390 3748 proh
406 3671 498 3746 dolor,
522 3669 597 3734 lama
611 3669 713 3746 fertur,
738 3670 842 3730 multos
861 3667 1053 3743 pseudoverhi
1071 3669 1217 3730 ministros
1236 3669 1318 3730 dere-

147 3777 222 3838 lictis
237 3776 373 3839 uxoribus
389 3778 522 3854 amplecti
537 3782 567 3837 et
581 3777 707 3838 seculum
723 3791 758 3836 ae
772 3775 852 3836 uelut
866 3790 932 3836 sues
952 3789 983 3834 se
1002 3790 1103 3835 rursus
1125 3775 1226 3836 eodem
1239 3777 1319 3836 uoln-

147 3889 210 3944 tare
224 3880 378 3944 volutabro
390 3883 452 3943 luti.

234 3987 290 4048 Hic
305 4004 421 4063 quoque
434 3989 593 4063 principem
608 3992 738 4049 nostrum
758 3984 852 4046 adhuc
871 3985 1067 4060 Heylhrunnae
1088 4002 1147 4047 nou
1165 3985 1319 4047 admodum

148 4109 287 4170 prospera
301 4092 467 4154 valetudine
481 4094 575 4154 teneri
589 4092 748 4152 didicimus.

236 4198 293 4272 Qui
308 4197 389 4259 dedit
402 4199 542 4274 incipere,
565 4199 590 4258 is
606 4213 720 4273 quoque
734 4213 833 4258 rerum
847 4202 980 4257 eventum
995 4199 1082 4259 novit.

236 4304 384 4380 Hospitati
398 4311 494 4365 autem
508 4320 604 4364 sumus
619 4303 698 4376 apud
712 4303 832 4363 Petrum
846 4302 958 4377 Eyden,
982 4309 1154 4378 quaestorem
1175 4304 1318 4363 aerarium

210 4436 215 4452 ι
242 4407 383 4482 Quoniam
397 4410 517 4470 vanimti
532 4410 663 4470 hmnanae
678 4410 828 4485 proprium
843 4414 895 4483 est,
911 4407 979 4467 dum
992 4409 1077 4483 longe
1091 4425 1110 4468 a
1124 4403 1251 4482 periculo
1266 4407 1318 4466 ah

149 4519 205 4589 est,
229 4513 326 4578 omnia
345 4512 401 4576 sibi
421 4511 505 4584 facile
524 4515 713 4592 persuadere,
736 4519 770 4577 ot
789 4515 912 4592 mimam
931 4519 1028 4577 autem
1046 4513 1124 4575 cruci
1142 4511 1262 4572 vicinior
1276 4509 1318 4584 fit,
