3017 5225
701 444 778 521 ³245

190 624 193 635 '
247 626 297 717 ιιι]
312 630 382 701 lulli
399 623 626 717 Creutubergam'
640 636 802 710 linquentes
824 638 856 698 in
871 630 979 715 Gappel
1001 633 1106 715 pransi
1115 646 1145 703 et
1158 635 1265 703 ibidem
1279 642 1330 705 Jo-

159 762 263 806 auuem
279 746 362 805 uobis
377 762 395 805 a
409 742 530 819 pedibus
546 743 721 804 Waldcciam
736 744 935 818 praemisimus.

249 850 396 925 Propitius
411 855 473 909 esto
489 864 576 923 super
591 850 667 922 omni
682 849 841 923 commisso,
858 848 1013 909 o‘domine.

248 954 275 1013 A
290 954 413 1037 prandio
428 932 587 1014 Bischusen
601 968 696 1012 arcem
712 953 848 1013 nobilium
862 970 881 1013 a
894 954 1050 1030 Boneburg
1069 960 1099 1015 et
1113 956 1185 1015 alias
1199 972 1281 1016 arces
1297 974 1332 1017 ac

158 1076 249 1135 pagos
263 1063 471 1133 praetereuntes
487 1058 541 1118 sub
556 1058 705 1133 septimam
720 1058 1070 1134 uoclisSpangenbergam
1084 1066 1210 1121 veterem
1225 1060 1253 1119 d.
1267 1062 1329 1121 Eli·

159 1164 290 1225 zabethae
306 1164 402 1223 sedem
417 1161 566 1239 intramus,
585 1180 648 1222 oum
663 1165 749 1237 paulo
764 1170 832 1223 ante
846 1164 1000 1224 adveutum
1014 1170 1144 1223 nostrum
1158 1159 1331 1240 Rudolphus

160 1268 290 1329 Schenclr
313 1270 407 1329 locum
429 1274 529 1329 tenens
554 1273 584 1327 et
602 1268 724 1327 vicarius
750 1268 909 1328 Hessorum
934 1270 1072 1342 principis.
1094 1269 1243 1331 Cassiliam
1264 1272 1331 1331 hinc

159 1364 258 1455 abiens
273 1375 405 1447 petierat.
444 1370 587 1432 Adluerat
596 1371 710 1461 ibidem
724 1374 862 1448 principis
884 1375 976 1435 nostri
990 1372 1140 1447 chirurgus
1155 1376 1263 1435 Paulus
1277 1394 1330 1437 uo·

158 1480 243 1553 minc,
259 1494 359 1539 verum
380 1480 405 1537 is
427 1476 499 1537 nihil
515 1478 551 1537 de
566 1481 643 1537 stulu
657 1494 754 1536 rerum
769 1479 906 1554 principis
925 1478 1053 1539 indicare
1068 1480 1207 1555 voluerat,
1232 1482 1329 1542 dicens

158 1598 190 1641 so
202 1568 366 1655 juramento
382 1583 419 1642 ad
434 1584 578 1642 silentium
592 1583 740 1641 astrictum
755 1597 827 1641 esse.

248 1688 307 1761 xxij
323 1688 394 1747 Julii
413 1690 524 1763 precati
543 1703 639 1746 sumus
666 1689 834 1761 magistrum
857 1687 1095 1764 christophorum
1114 1673 1216 1764 Graiis,
1240 1695 1273 1749 ut
1295 1708 1331 1751 ea

130 1797 139 1811 ⁸
158 1793 213 1866 die,
230 1770 298 1850 nam
312 1791 453 1853 dominica
474 1772 559 1868 crat,
573 1793 661 1853 verbo
677 1782 784 1854 domini
798 1810 851 1880 nos
865 1809 985 1866 pascere
1007 1794 1188 1869 dignaretur,
1211 1798 1261 1868 qui
1275 1796 1329 1855 sub

146 1902 299 1971 quartam,
316 1904 468 1971 postquam
482 1898 672 1972 illucescerat,
693 1900 731 1959 ad
745 1899 899 1971 hospitium
913 1880 1043 1958 nostrum
1057 1902 1149 1973 venit,
1180 1901 1285 1960 ibidem
1299 1902 1330 1960 in

158 1999 288 2062 inferIori
301 2002 504 2091 hybernaculo,
520 2004 600 2078 prius
615 2004 746 2062 invocato
762 2002 849 2062 divini
863 2005 988 2062 numinis
1002 2005 1118 2079 auxilio,
1133 2005 1205 2079 legit
1219 2011 1329 2064 textum

158 2108 298 2181 evangelii
313 2106 446 2166 Matthaei
463 2111 498 2166 7:
523 2107 629 2167 Cavete
649 2109 729 2168 vobis
749 2125 767 2168 a
786 2086 1059 2183 pseudoprophetis,
1083 2108 1133 2182 qui
1156 2110 1275 2170 veniunt
1288 2110 1326 2169 ad

156 2227 209 2269 ros
223 2211 253 2268 in
268 2210 444 2271 vestimentis
459 2214 554 2271 orium
570 2218 638 2287 etc,
663 2217 692 2271 et
706 2219 801 2272 textus
817 2214 1029 2272 enarrationem
1044 2220 1212 2287 prosecutus
1227 2220 1280 2287 est,
1297 2219 1327 2272 et

157 2309 321 2391 quanquam
344 2317 437 2390 prIma
457 2321 489 2375 ut
510 2316 669 2391 apparebat
690 2316 764 2377 facie
783 2319 896 2391 longius
915 2323 1029 2378 atextu
1043 2318 1156 2393 digredi
1169 2318 1325 2393 videretur,

157 2426 255 2479 tamen
275 2420 520 2480 ita'conciouatus
547 2426 603 2496 est,
627 2426 661 2492 ut
684 2439 715 2481 se
736 2428 765 2481 et
787 2423 898 2495 prolixe
922 2429 952 2482 et
974 2424 1101 2483 breviter
1122 2423 1217 2482 dicere
1242 2440 1327 2497 posse

159 2525 324 2586 ostenderet
337 2540 391 2585 nec
405 2527 519 2600 pietatis
535 2532 585 2586 aut
599 2526 760 2586 litterarum
774 2517 892 2601 ignarus
907 2526 1007 2604 haberi
1022 2532 1127 2602 posset.
1166 2526 1328 2588 Christiane

159 2636 188 2692 et
203 2633 285 2692 docte
299 2632 466 2706 religionem
480 2637 608 2692 nostram
624 2639 723 2692 contra
738 2649 852 2708 papam,
870 2650 954 2706 quern
973 2635 1143 2693 monachum
1157 2634 1284 2709 italicum
1300 2640 1329 2693 et

157 2737 266 2796 idolum
280 2719 403 2795 stantem
417 2737 448 2794 in
462 2737 526 2797 loco
541 2737 759 2797 abominationis
774 2737 970 2811 appellitabat,
985 2736 1147 2797 defensans.
1175 2739 1216 2798 Et
1230 2738 1267 2797 de
1283 2742 1327 2797 in·

157 2842 241 2900 terim
255 2841 304 2899 illo
319 2825 361 2900 ita
374 2841 554 2916 loquebatur,
572 2848 611 2902 ¹ut
624 2841 696 2902 illud
709 2840 793 2900 facilc
809 2842 893 2914 quale
905 2821 946 2901 *sit
960 2842 1109 2902 dinoscere
1124 2843 1249 2918 doceret,
1272 2843 1323 2902 ad·

152 2945 255 3018 jicieus
270 2945 324 3005 hoo
339 2947 539 3021 epiphonema:
562 2948 677 3007 Nullius
699 2962 762 3005 esse
781 2947 812 3004 in
833 2951 978 3021 potestate
993 2951 1133 3007 creaturae
1152 2963 1241 3007 novos
1256 2949 1326 3006 arti·

157 3052 237 3110 culos
252 3049 321 3131 fidei
334 3052 380 3112 vel
395 3051 519 3111 condere
533 3053 580 3112 vel
594 3053 725 3112 conditos
741 3053 901 3111 immutare.
940 3052 1015 3111 Nam
1031 3052 1161 3111 Christus
1182 3053 1327 3127 apostolos

156 3157 234 3230 ipsos
250 3135 342 3215 uoluit
356 3162 443 3216 testes
459 3162 488 3218 et
503 3155 633 3217 doctores
655 3173 754 3216 eorum
773 3171 850 3232 esse,
867 3173 931 3231 quae
947 3157 984 3217 ab
1002 3159 1067 3230 ipso
1082 3149 1197 3218 domiuo
1212 3157 1327 3217 audire·

157 3265 262 3321 rorant
283 3265 313 3320 et
335 3263 396 3334 ipse
419 3259 474 3322 coss
491 3262 640 3336 docuerat,
651 3251 719 3321 'non
733 3279 871 3322 novarum
886 3264 981 3336 legum
996 3261 1167 3340 condItores.
1206 3263 1329 3337 Insuper

40 3351 43 3356 ’
144 3365 247 3440 digIto
261 3361 443 3439 monstravit,
466 3369 515 3439 qui
527 3367 560 3426 hi
575 3353 670 3427 esseut
684 3369 744 3442 lupi
758 3384 891 3441 rapaces,
913 3381 977 3440 quae
992 3365 1075 3425 bonas
1093 3366 1213 3424 arbores
1229 3381 1263 3424 ac
1278 3368 1327 3439 qui

156 3471 297 3530 malarum
317 3470 434 3530 fructus.
473 3472 546 3531 Item
566 3460 644 3545 quod
665 3473 726 3532 sola
742 3469 800 3532 fide
818 3474 848 3531 in
864 3471 1007 3531 Christum
1030 3470 1214 3531 salvaremur.
1253 3471 1326 3528 Item

158 3587 244 3648 quam
259 3578 374 3636 sinistre
397 3576 518 3650 papistso
538 3576 686 3636 infernalis
709 3578 841 3638 draconis
856 3593 981 3650 squamae
992 3573 1081 3651 ,fidem
1094 3573 1171 3633 banc
1183 3575 1324 3648 interpre-

156 3685 297 3740 tarentur.
336 3681 468 3754 Denique
488 3681 547 3741 sive
571 3687 670 3756 antea,
688 3683 755 3740 ‘sive
775 3687 889 3756 postea,
916 3683 976 3741 sive
999 3681 1114 3738 iuterim
1134 3679 1204 3752 quid
1227 3682 1326 3736 contra

156 3786 327 3859 scripturam
348 3793 377 3845 et
395 3801 493 3846 veram
513 3785 681 3858 religionem
697 3785 832 3846 sathana
853 3787 975 3846 venatici
990 3801 1075 3844 canes
1089 3784 1259 3844 molirentur
1274 3799 1325 3843 nos

156 3889 234 3964 ipsos
249 3867 305 3949 fide
320 3892 349 3948 et
371 3891 464 3964 gratia
480 3889 586 3955 Christi
611 3875 795 3955 obfirmantes
817 3892 961 3965 patienter
979 3889 1075 3948 omnia
1090 3888 1197 3953 christi
1211 3889 1326 3948 nomine

156 3992 333 4068 perferemus
357 3995 428 4053 certi
448 4010 500 4054 nos
521 3997 606 4061 etiam
621 3997 715 4056 denuo
732 4001 761 4055 et
774 3998 819 4056 his
834 3998 915 4058 victis
929 3995 1007 4070 apud
1021 3993 1165 4068 Christum
1181 3993 1326 4052 dominum

157 4104 288 4158 nostrum
308 4099 529 4172 triumphatores
552 4101 687 4176 existere,
711 4101 796 4161 modo
815 4103 845 4161 iu
860 4103 922 4175 ejus
938 4099 1114 4160 confessione
1129 4097 1324 4172 persistemus.

157 4203 240 4276 Quod
257 4204 338 4264 nobis
354 4209 383 4262 et
397 4203 497 4278 largiri
512 4208 541 4263 et
554 4220 607 4263 uos
623 4221 794 4265 conservare
807 4205 941 4280 dignetur
955 4182 1085 4264 Christus
1098 4201 1117 4260 J
1119 4217 1194 4260 esus.
1221 4201 1323 4260 Amen.

245 4307 377 4368 Eundem
398 4309 563 4369 donavimus
584 4311 690 4383 scripto
706 4309 832 4385 Philippi
846 4309 1050 4383 Melanthonis,
1073 4307 1142 4381 quid
1155 4307 1198 4365 illi
1211 4305 1323 4364 videre·

155 4418 204 4471 tur
219 4410 257 4470 de
271 4411 453 4472 interimente
467 4413 597 4488 interim,
613 4419 643 4474 et
657 4417 808 4489 pecuniam
823 4416 861 4476 ad
878 4411 1106 4490 locupletandam
1121 4409 1323 4484 supellectilem

155 4515 294 4578 librorum
308 4515 445 4590 impertiti
460 4532 565 4577 sumus.
