3017 5225
747 409 817 521 aro·

193 645 230 706 de
245 644 314 715 sede
329 616 546 719 deposuitj'non
560 642 657 699 autem
673 637 778 699 everdt
789 634 895 711 sedem,
910 634 989 711 qnod
1002 640 1131 710 potestas
1142 636 1231 711 gladii
1241 637 1280 697 sit
1292 637 1375 698 ordi·

194 750 273 810 natio
289 749 350 821 dei,
373 745 569 822 superbientes
591 750 688 805 autem
708 744 738 801 in
760 758 796 802 aa
809 758 948 816 personas
967 739 1037 801 deus
1058 741 1157 801 deiioit
1170 748 1225 803 ato.
1261 742 1375 803 Docuit

193 856 262 915 item
284 852 444 927 exemplum
462 850 611 911 charitatis
631 849 771 908 etmutni
790 845 877 906 officii
889 847 922 905 in
937 847 1056 920 deipara
1069 848 1182 921 virgine
1199 847 1372 908 imitandum

195 972 272 1033 esse,
295 958 394 1029 utiquo
409 970 473 1028 qnae
488 970 541 1013 nec
557 956 629 1029 jngn
643 954 783 1013 altissima
801 953 939 1012 montium
953 968 1008 1011 uec
1026 955 1166 1026 temporis
1179 944 1304 1013 taedium
1319 955 1370 1015 do

83 1130 85 1135 ,
108 1047 112 1053 ’
194 1062 334 1136 tractarit,
351 1077 407 1135 quo
422 1064 553 1134 cognata
569 1058 718 1124 charitatis
733 1073 823 1130 opera
836 1060 999 1132 prastarot.
1028 1056 1183 1117 observari
1193 1074 1312 1133 ¹‹puoqne
1325 1059 1372 1119 hio

190 1168 292 1245 Jussit,
307 1166 432 1225 Mariam
446 1165 675 1226 observationem
689 1164 832 1223 trinitatis
841 1162 873 1221 in
884 1161 940 1219 boc
955 1161 1066 1221 cantico
1080 1161 1223 1241 babuisse.

283 1273 394 1350 Eadem
410 1274 440 1331 in
453 1271 647 1346 hybernaoulo
662 1274 763 1330 nostro
777 1284 911 1343 mappam
924 1268 993 1327 novi
1005 1267 1083 1325 orbis
1095 1268 1227 1343 vidimus,
1243 1284 1303 1343 qua
1317 1285 1371 1329 nos

194 1378 366 1440 Anastasius
381 1378 522 1438 Sehmaltz
537 1394 556 1437 a
570 1375 691 1436 Landau
706 1391 772 1434 oum
786 1374 973 1448 inscriptions
990 1373 1113 1433 nominis
1128 1378 1160 1433 et
1172 1376 1218 1433 sni
1233 1381 1263 1435 et
1277 1376 1371 1435 nostri

196 1482 330 1560 donavit,
354 1484 403 1556 qni
417 1483 462 1541 vir
477 1497 530 1541 nos
550 1496 586 1541 ox
600 1480 662 1541 solo
682 1480 797 1540 nomine
817 1484 955 1557 noverat,
978 1484 1008 1538 at
1022 1494 1068 1537 mo
1089 1480 1163 1538 latet
1184 1496 1222 1539 an
1243 1497 1370 1554 unquam

195 1589 341 1649 bominem
356 1587 484 1647 viderm.
528 1624 531 1633 -

284 1692 395 1754 Eadem
408 1708 482 1751 uxor
498 1691 623 1753 doctoris
639 1690 675 1750 do
691 1690 764 1749 Ossa
779 1688 856 1763 apud
869 1704 924 1750 nos
938 1688 1070 1764 obtinuit,
1085 1687 1221 1753 otiliam
1236 1690 1300 1763 ejus
1313 1691 1370 1751 Ao·

114 1850 125 1873 ,
197 1798 303 1859 milium
318 1798 348 1855 in
363 1796 492 1857 ordinem
506 1797 743 1873 pedissequarum
757 1794 902 1854 uxorculoe
917 1788 1136 1869 susciperemus.

284 1902 507 1976 Perscripsimus
522 1903 625 1964 eadam
645 1901 681 1960 dc
695 1900 847 1961 nonnuliis
857 1900 895 1958 ad
909 1900 1053 1959 Joannem
1066 1899 1233 1960 Galactenm
1249 1905 1279 1960 et
1293 1902 1370 1961 Her·

195 2024 330 2069 mannum
339 2007 473 2068 Nellium.
496 2006 607 2067 Eadem
621 2006 704 2066 Josto
719 2006 809 2080 Sopbi
823 2020 876 2079 pro
891 2005 989 2065 debito
1000 2004 1258 2065 Germerssbausen
1272 2011 1304 2065 et
1316 2021 1371 2079 pro

197 2112 329 2181 mercede
344 2128 397 2172 sua
410 2112 517 2173 talorm
532 2112 633 2186 viginti
648 2110 719 2201 duos
735 2110 864 2171 dedimus
879 2126 915 2171 ox
928 2112 1064 2187 pecunia.
1075 2127 1163 2185 quarn
1170 2110 1371 2186 Norinberpa‘e

196 2234 408 2295 acceperamus.
1308 2212 1311 2222 '

285 2324 316 2397 iij
346 2324 417 2384 Julii
435 2319 557 2382 Honiels
580 2327 609 2382 at
628 2322 792 2382 Lndovicus
821 2322 935 2381 circiter
959 2327 1092 2394 quartam
1110 2314 1370 2383 antemeridianam

195 2427 264 2487 bino
278 2428 386 2492 abiere.
424 2428 535 2487 Eadem
550 2442 664 2500 quoque
684 2431 752 2485 ante
767 2426 919 2499 prandium
934 2428 1049 2492 domim
1062 2443 1162 2502 socrus
1176 2444 1212 2489 aa
1224 2425 1293 2487 iiiia
1308 2428 1372 2502 aius

197 2530 280 2591 nobis
296 2508 349 2590 aas
360 2531 560 2591 comitantibus
576 2532 615 2591 ad
630 2531 703 2591 Salac
718 2527 835 2602 flurium
849 2507 990 2607 piscatum
1005 2533 1116 2593 abiere«
1160 2543 1163 2548 '

286 2634 411 2697 Comites
426 2636 673 2711 aSohwartzburg
687 2653 778 2712 genus
792 2653 875 2698 sunm
889 2640 1010 2699 trabunt
1024 2655 1042 2698 a
1055 2639 1177 2700 domims
1190 2640 1229 2701 do
1242 2641 1371 2724 Keram-

195 2741 286 2818 borg,
305 2725 476 2819 Kererbnrg
490 2759 543 2804 arx
558 2747 601 2826 ost
616 2758 675 2804 non
693 2744 795 2821 procui
815 2743 852 2804 ab
866 2743 1027 2807 Arnstadio'
1045 2747 1132 2805 etiarn
1151 2745 1228 2821 apud
1248 2747 1371 2821 gentiles

160 2915 163 2918 ,
195 2848 340 2927 quondam
364 2849 520 2910 celebris.
537 2848 651 2908 Primus
673 2853 770 2908 autem
792 2849 971 2933 dominorum
992 2851 1030 2911 ds
1050 2851 1243 2926 Keromburg
1264 2850 1372 2912 Christi

196 2951 282 3013 fidam
304 2955 460 3028 suscipiens
485 2953 523 3014 ad
543 2956 771 3028 regenarationis
792 2969 882 3014 saoroe
903 2956 1020 3016 lavacra
1039 2973 1095 3031 pro
1114 2973 1195 3016 more
1210 2937 1371 3019 ‘auronius

197 3061 312 3117 vocatus
337 3064 396 3132 ast,
422 3075 497 3119 nnnc
516 3057 682 3119 Gnntherns
703 3057 847 3120 scribitur.
885 3061 955 3122 Fuit
975 3068 1006 3121 et
1027 3063 1109 3124 alter
1124 3063 1239 3135 qnidam
1254 3063 1371 3138 Siparth

195 3165 319 3240 nomine,
336 3166 386 3239 qni
395 3166 437 3226 bb
452 3166 696 3227 anconitanum
708 3147 908 3241 fortitudinem
920 3168 957 3227 ab
968 3168 1143 3244 imperatore
1157 3169 1219 3242 aius
1233 3170 1372 3242 temporis

198 3251 335 3345 sigehart
347 3272 509 3346 appellatus
524 3277 576 3330 ast.
614 3271 724 3334 Extant
742 3271 779 3332 da
792 3271 838 3332 his
852 3273 938 3346 plura
951 3278 1137 3333 monumenta
1154 3273 1186 3332 in
1199 3272 1369 3349 Reinbnrts-

195 3387 309 3450 prunno
324 3370 470 3453 coenobia
491 3379 541 3438 ubi
557 3377 625 3438 dicti
646 3376 752 3437 domini
773 3378 950 3454 sepulturam
969 3393 1051 3437 snam
1069 3378 1204 3440 babuisse
1225 3356 1369 3442 dionmn'n

194 3481 338 3544 Henricus
353 3487 450 3542 antem
465 3499 558 3542 comes
574 3498 592 3542 a
606 3482 834 3558 adhramitum,
850 3489 935 3559 pater
949 3485 1047 3545 uxoria
1061 3465 1169 3563 nostrae
1183 3502 1272 3545 unum
1286 3473 1316 3547 at
1330 3488 1371 3546 al·

194 3593 287 3648 terum
301 3589 405 3648 borum
420 3589 553 3646 comitum
568 3603 626 3646 una
641 3604 705 3646 omn
720 3589 867 3663 uxoribus,
881 3594 915 3648 nt
928 3591 959 3648 in
973 3591 1052 3653 saxis
1064 3589 1296 3667 Reinhartspmn
1310 3589 1370 3652 effi-

194 3694 256 3768 gias
271 3695 399 3769 ipsorum
413 3677 576 3768 sideratio
590 3691 693 3751 tabula
704 3694 823 3768 depingi
835 3701 995 3770 curaverat,
1012 3697 1080 3782 licet
1090 3698 1207 3762 nomina
1217 3700 1371 3774 conjugum

194 3814 253 3859 non
276 3798 334 3856 sint
353 3798 489 3872 ascripta
527 3798 622 3872 Htp‘us
641 3803 737 3858 antem
759 3800 803 3858 rei
822 3815 885 3872 earn
905 3803 970 3885 osse
988 3817 1103 3862 cansam
1115 3792 1261 3879 conjicio,
1292 3805 1371 3879 qnod

193 3903 309 3987 tametsi
329 3903 516 3974 monasticum
535 3919 639 3978 genos,
663 3909 695 3963 ut
709 3905 818 3962 luorum
838 3906 1050 3979 amagnatibns
1069 3913 1200 3982 caperet,
1224 3910 1371 3970 celebrare

194 4006 310 4083 quidem
321 4003 440 4068 nomina
454 4009 583 4084 priorum
598 3987 690 4070 videri
704 4010 834 4084 voluerit,
850 4014 946 4070 omen
960 4027 1019 4071 nou
1028 4013 1182 4072 admodum
1197 4013 1370 4075 decoritate

195 4118 225 4172 et
239 4109 297 4173 fide
310 4113 447 4173 historica
462 4115 613 4176 sollicitum
627 4113 691 4175 fuit.
780 4135 782 4137 ’
855 4125 857 4133 ’
1232 4097 1235 4100 ’

281 4217 393 4277 Eadm
408 4233 502 4278 comes
518 4219 716 4298 Wolffgangos
732 4237 750 4282 a
765 4219 904 4280 Gleichen
918 4226 948 4281 et
961 4237 1035 4282 uxor
1049 4223 1113 4296 ejns
1128 4199 1303 4298 Magdaleua
1317 4241 1372 4284 uec

194 4338 253 4382 non
268 4321 435 4396 Walpurgis
447 4322 488 4384 ‘ab
502 4311 691 4401 Horrebam,
714 4313 846 4387 Corolia
861 4325 998 4402 Gleicben
1009 4343 1098 4403 uxor,
1121 4345 1175 4403 per
1189 4328 1302 4389 litteras
1316 4345 1372 4388 nos

197 4427 367 4488 salutarunt.
557 4491 560 4499 Δ
812 4409 817 4416 ’
1174 4445 1177 4449 ’

284 4531 395 4594 Eadem
407 4532 522 4594 domino
533 4529 654 4596 Alberto
665 4534 792 4610 Draconi
802 4543 863 4600 tres
873 4554 977 4600 aureos
989 4540 1021 4598 in
1032 4539 1217 4600 elemosinam
1229 4537 1370 4600 nedum.
