3017 5225
729 405 793 470 152

173 587 352 650 ridebantur.
391 589 476 648 Nunc
498 592 608 659 autem,
632 585 699 645 dnm
717 591 836 659 peccato
856 592 955 645 nostro
977 592 1007 645 et
1021 585 1123 646 merito
1147 583 1345 648 submissiones

171 693 242 754 iacti
260 695 348 754 simus
368 701 398 754 et
416 709 487 752 crux
508 678 592 767 adsit,
617 695 720 764 quotus
743 695 787 750 est
807 691 855 764 qui
875 707 933 750 nou
954 704 972 749 a
991 691 1072 750 nobis
1087 690 1218 750 resiliat?
1253 692 1344 763 Quam

171 804 335 869 natusest,
359 797 408 870 qui
427 799 474 857 vel
493 796 724 856 concionatorem
743 793 832 853 aflet-u
855 793 1008 869 dignetur?
1044 795 1101 854 Sed
1118 795 1182 854 haec
1203 793 1289 869 fiunt,
1312 800 1346 853 ut

169 903 268 978 palam
287 901 352 976 liat,
376 918 444 960 num
463 918 531 961 vere
553 905 639 959 etex
661 901 757 958 auimo
778 904 877 958 nostra
899 901 1013 960 nomina
1034 900 1150 959 veritati
1172 899 1343 972 dederimus,

172 1008 256 1067 amici
271 1005 378 1065 Christi
392 1007 481 1064 simus
496 1011 526 1063 et
540 1009 685 1079 precepta
700 1004 762 1077 ejus
777 995 852 1064 serio
867 1020 983 1063 serrare
997 1004 1180 1076 voluerimus,
1195 1011 1245 1062 aut
1259 982 1345 1061 simu·

171 1112 278 1171 latores
293 1111 338 1170 vel
352 1096 510 1182 hypocritae
524 1109 621 1180 simus,
630 1108 665 1167 de
682 1107 784 1181 quibus
800 1109 841 1167 ait
856 1108 883 1166 d.
900 1107 1017 1182 Tobiae:
1035 1109 1123 1167 «Non
1136 1109 1344 1196 contemplatur

170 1217 280 1277 vultum
293 1221 373 1273 mum
388 1215 480 1271 omnis
494 1213 675 1285 hypocrita«
699 1214 739 1272 Et
757 1212 813 1271 hoc
827 1217 871 1271 est
886 1211 964 1284 quod
978 1212 1155 1285 evangelista
1171 1213 1251 1271 dicit:
1269 1214 1344 1285 «Qui

142 1328 145 1335 “
171 1319 241 1380 dicit
254 1335 287 1378 se
306 1333 462 1392 agnoscere
482 1317 635 1391 Christum,
660 1323 689 1375 et
708 1319 854 1390 praeopta
874 1317 935 1388 ejus
956 1332 1013 1388 uon
1033 1320 1139 1390 serrat,
1162 1317 1287 1376 mendax
1302 1323 1346 1376 est

171 1428 202 1482 et
214 1439 273 1482 nou
284 1428 329 1482 cst
342 1424 372 1481 in
385 1438 420 1480 eo
433 1421 570 1481 veritas«
595 1421 650 1479 llic
666 1437 778 1494 quoque
794 1437 882 1494 quam
894 1421 922 1480 d.
932 1416 1080 1480 Masculus
1095 1423 1214 1482 subinde
1230 1439 1345 1484 movere

170 1527 245 1588 solet
266 1527 467 1601 questionem,
490 1526 565 1584 hanc
587 1527 696 1585 scilicet
717 1527 819 1584 movit:
843 1525 882 1584 Et
903 1525 952 1598 qui
974 1542 1027 1599 ego
1049 1526 1136 1584 miser
1158 1533 1187 1585 ct
1210 1533 1345 1599 peccator

169 1647 287 1707 possmu
301 1646 418 1690 serrare
431 1636 577 1704 praccepta
593 1629 723 1688 Christi?
752 1629 912 1703 Respondit
931 1630 977 1688 hic
991 1631 1067 1688 idem
1089 1631 1167 1702 quod
1181 1631 1343 1704 Masculus:

170 1735 310 1810 Praepara
331 1751 382 1794 cor
404 1741 484 1794 tuum
505 1734 632 1807 domino,
655 1735 727 1792 velis
750 1740 781 1793 et
802 1734 899 1816 cupias
923 1736 1075 1793 exanimo
1098 1736 1140 1793 illi
1160 1737 1190 1794 iu
1214 1737 1344 1794 omnihus

170 1837 299 1912 obedire,
315 1845 346 1898 ot
359 1841 459 1897 conari
472 1856 526 1912 pro
541 1854 626 1912 posse
641 1844 693 1897 est.
717 1837 798 1897 Deus
813 1843 908 1910 peret
923 1845 1042 1913 propter
1058 1838 1202 1898 Christum
1221 1840 1273 1898 tibi
1289 1839 1346 1915 hoc
1399 1919 1404 1923 ἶ

170 1943 209 2004 ad
229 1944 422 2016 impletionem
442 1927 604 2017 reputabit,
625 1943 703 2015 quod
723 1959 759 2002 ex
783 1939 889 2032 intimis
910 1932 1067 2005 visceribus
1088 1950 1117 2004 et
1141 1945 1214 2004 velle
1238 1960 1345 2018 cupere

170 2047 253 2108 uobis
268 2045 358 2106 dulcis
373 2048 422 2131 ille
435 2048 521 2106 Jesus
535 2048 635 2121 largiri
650 2047 793 2122 dignetur.
823 2047 924 2105 Amen.

151 2125 156 2145 ⁸
222 2139 228 2146 ’
258 2151 368 2212 Eadem
391 2153 458 2212 dum
480 2154 626 2212 nobiscum
648 2153 798 2210 statuimus
813 2151 916 2211 'comiti
935 2167 953 2213 a
974 2150 1088 2211 Nassau
1110 2153 1343 2226 capitulationem

170 2258 249 2323 illam
264 2257 302 2316 ad
317 2253 467 2332 legendum
482 2257 627 2330 exhihere,
644 2243 806 2330 opportune
820 2249 963 2328 Massgrel
978 2271 1030 2314 nos
1046 2255 1083 2314 ad
1099 2259 1231 2316 comitem
1245 2259 1344 2316 venire

167 2351 272 2435 jubens
286 2360 370 2419 uobis
384 2360 417 2419 lit
432 2361 554 2419 obviam.
590 2362 745 2441 Venientes
769 2364 863 2418 autem
884 2359 922 2423 ad
943 2359 1074 2418 comitem
1097 2361 1252 2438 aNassau
1271 2361 1343 2421 Wil-

170 2467 293 2524 helmum
308 2466 439 2525 comitem
454 2481 473 2522 a
488 2465 678 2538 Witgenstein
694 2464 800 2531 ibidem
814 2464 1037 2536 reperiebamus.
1069 2463 1235 2524 Consultum
1255 2467 1345 2540 igitur

170 2569 267 2631 comiti
286 2570 432 2630 aNassau
451 2569 543 2628 visum
566 2573 610 2628 est
626 2570 802 2645 Jentaculum
824 2583 937 2628 sumere
957 2573 986 2627 et
1007 2567 1205 2629 coloniensem
1226 2571 1256 2629 iu
1277 2586 1345 2631 arce

171 2672 316 2740 Velberok
335 2673 431 2748 adire,
454 2675 612 2748 periculum
634 2674 753 2748 facturi,
778 2675 894 2746 anjam
914 2675 1001 2733 tertio
1023 2652 1102 2750 apud
1124 2674 1345 2735 atrebatensem

170 2761 258 2851 agere
281 2779 364 2853 velit,
389 2779 413 2836 si
437 2794 571 2837 numerus
591 2781 680 2838 minui
701 2786 808 2854 posset.
847 2778 998 2837 Paruimus
1020 2778 1109 2851 igitur
1134 2780 1225 2854 ipsius
1252 2781 1344 2841 oonsi-

170 2884 211 2942 lio
233 2899 267 2943 ac
290 2884 367 2941 circa
388 2883 525 2941 decimam
545 2883 800 2942 antemeridianam
820 2898 854 2941 eo
882 2882 1028 2949 venientes
1050 2884 1295 2958 archiepiscopum
1314 2886 1345 2943 in

170 2987 292 3045 aedicnla
306 2986 431 3058 quadam
445 2992 513 3045 ante
532 2992 648 3060 pontem
665 2989 741 3057 arcis
761 2988 908 3047 sedentem
928 2989 1096 3063 invenimus,
1121 2991 1171 3062 qui
1192 2994 1345 3063 conspecto

171 3093 274 3150 comite
288 3090 441 3153 Wilhelmo
456 3091 497 3147 illi
514 3091 627 3151 obviam
643 3093 783 3166 processit
798 3092 879 3150 nobis
900 3110 1013 3166 quoque
1028 3080 1163 3153 deiram
1182 3096 1343 3169 porrigens.

170 3196 265 3260 Eram
278 3196 312 3253 in
325 3195 461 3255 comitatu
476 3190 621 3255 Wilhelmi
637 3197 746 3255 comitis
763 3196 845 3255 Vltus
861 3214 878 3255 a
893 3196 1053 3271 Veldtburg
1068 3203 1198 3271 satrapas
1213 3200 1243 3256 in
1255 3199 1343 3257 Vian·

161 3300 227 3360 deu
241 3307 272 3360 et
287 3300 448 3375 Stephanus
462 3301 589 3360 medicus
603 3291 622 3361 a
635 3301 760 3374 Bredas,
784 3300 953 3359 Willrelmus
974 3317 992 3358 a
1006 3301 1199 3375 Witgenstein
1219 3308 1248 3361 et
1262 3304 1343 3363 Wol-

169 3406 258 3465 radus
272 3405 350 3481 apud
364 3407 609 3481 arehiepiscopum
621 3410 727 3479 praeter
739 3406 864 3477 reliquos
877 3405 984 3485 aulicos
994 3405 1062 3465 Otto
1075 3422 1170 3466 comes
1182 3406 1343 3467 aSchaum·
1356 3424 1361 3429 ·

169 3508 255 3585 burg,
271 3526 423 3584 germanus
438 3512 564 3585 episcopi
579 3492 829 3583 frater,'llrnestus
845 3508 1074 3587 ermbubertus
1087 3514 1204 3571 comites
1217 3510 1343 3585 aSolms,
1387 3541 1391 3549 ,

101 3625 107 3636 ’
171 3613 270 3674 Simon
288 3632 307 3672 a
325 3611 430 3687 Lippia
449 3630 544 3672 comes
565 3630 599 3671 ac
614 3612 715 3672 doctor
736 3603 834 3673 Simon
857 3614 892 3672 de
913 3614 1080 3688 Montebur,
1103 3614 1345 3694 qui,Tpererensi
1366 3594 1370 3603 ¹

171 3717 305 3791 episcopo
318 3706 338 3777 a
351 3716 497 3774 medicinis
513 3722 566 3790 est,
589 3722 680 3775 crant.
712 3716 783 3775 Mox
797 3718 884 3791 igitur
903 3734 1002 3805 mensa
1020 3725 1211 3793 apparataet
1225 3720 1344 3793 opipare

170 3836 308 3895 pransum
323 3826 376 3893 est,
399 3820 631 3896 archiepiscopus
646 3838 677 3879 se
691 3811 798 3880 ibidem
812 3822 898 3895 longe
913 3802 1015 3897 alium,
1030 3839 1116 3895 quam
1131 3822 1269 3897 Augustae
1284 3822 1344 3881 sue·

171 3930 227 3999 rat,
250 3925 383 3999 praebuit.
422 3926 546 3999 Rogavit
566 3942 679 3999 quoque
699 3930 732 3983 ut
751 3926 922 3985 Wilhelmus
943 3942 1036 3987 comes
1059 3932 1088 3986 et
1108 3944 1161 4003 nos
1179 3929 1270 3987 ceteri
1284 3944 1342 3987 coe·

170 4044 238 4087 nam
252 4046 367 4103 quoque
381 4010 522 4103 cumipse
537 4011 723 4105 sumeremus,
746 4031 777 4088 in
793 4047 850 4103 quo
869 4032 912 4090 illi
931 4047 1040 4090 morem
1059 4047 1112 4091 nos
1132 4047 1265 4106 gessuros
1283 4032 1345 4113 pol·

171 4133 243 4191 liciti
257 4150 364 4191 sumus.
412 4149 416 4154 ·
928 4204 931 4209 Ι
1169 4188 1174 4194 .
1212 4113 1215 4118 ’

259 4238 287 4297 A
301 4236 423 4311 prandio
438 4239 670 4313 archiepiscopus
687 4246 770 4298 extra
785 4256 879 4299 arcem
899 4256 951 4299 nos
971 4240 1073 4299 ceteris
1093 4240 1187 4315 ipsum
1206 4240 1343 4309 comitans

170 4340 247 4400 tibus
260 4341 291 4399 iu
306 4346 430 4417 pontem,
456 4343 558 4426 deinde
573 4343 603 4399 in
616 4345 787 4417 pomoeaium
799 4349 951 4427 'tornatum
970 4343 1038 4419 ibat,
1063 4344 1213 4429 ubi—pueri
1234 4344 1343 4418 episco-

171 4446 252 4519 pales
267 4440 465 4505 saltationibus
481 4452 510 4506 et
524 4448 662 4521 palaestra
681 4464 713 4507 se
732 4464 867 4507 exercere
885 4450 959 4523 iussi
974 4448 1059 4527 sunt'
1093 4448 1253 4523 Episcopus
1276 4466 1345 4521 quo-
