3017 5225
755 365 799 433 37

186 550 300 642 rugire
322 550 490 625 moonupta
511 549 833 627 desponsarecupcret.
879 549 955 609 Nam
978 551 1003 610 is
1026 551 1253 628 ceremoniam,
1276 568 1362 627 quarn

187 662 293 731 posset,
317 656 450 715 muliebri
472 654 587 728 mundo,
612 662 717 729 torque
735 672 834 730 aureo,
857 656 971 714 annulis
995 646 1033 715 et‘
1045 657 1184 730 eiusmodi
1198 675 1257 718 nou
1270 661 1362 720 solum

188 767 342 822 ornaturus
351 766 437 849 esset,
453 761 522 833 quiu
538 765 568 819 et
577 760 697 837 iusuper
711 762 846 822 laudibus
855 761 942 834 huius
956 762 1122 837 pudicitiam
1135 776 1230 825 mores
1239 770 1269 826 et
1283 767 1361 839 quic·

189 867 259 942 quid
278 872 355 945 esset
369 883 422 940 per
435 867 590 926 verbomm
612 866 751 941 ampullas
766 884 856 940 proco
876 882 981 941 magna
994 866 1123 928 11111111
1137 871 1184 930 111.
1222 870 1279 931 Ubi
1292 886 1363 931 vero

187 960 275 1044 miser
295 971 459 1046 Glycerium
479 968 550 1029 illud
574 969 697 1045 duxerit,
719 972 884 1033 habiturum
906 988 972 1031 eum
992 978 1024 1033 et
1046 979 1172 1033 scortum
1185 980 1216 1035 et
1228 982 1362 1037 metauca

189 1094 256 1137 eum
270 1079 410 1153 torqueri.
448 1076 514 1154 Hic,
530 1078 633 1151 iuquit,
654 1076 737 1137 nobis
756 1077 839 1161 dulce
854 1077 1022 1151 praecinitur
1039 1071 1138 1139 melos.
1177 1080 1208 1140 Si
1221 1085 1318 1141 autem
1331 1082 1362 1141 in

188 1169 336 1259 proposita
351 1183 587 1257 consenserimus,
603 1183 743 1256 praeclara
758 1182 873 1257 quidem
886 1198 935 1242 res
950 1187 1003 1257 est,
1018 1200 1067 1243 ros
1081 1190 1195 1244 nostrus
1216 1200 1281 1243 cum
1294 1191 1360 1245 tan·

188 1297 284 1349 torum
298 1289 458 1363 principum
472 1288 570 1362 regnis
585 1292 614 1347 et
627 1287 855 1363 possessionibus
870 1302 934 1347 esse
948 1266 1053 1349 unitas.
1077 1290 1185 1348 Verum
1199 1292 1360 1351 successivo

187 1402 318 1470 tempore
333 1398 433 1454 nostra
447 1393 636 1471 insumemus,
653 1395 721 1453 etsi
736 1393 805 1466 quid
819 1392 933 1453 adversi
947 1394 1112 1467 regionibus
1126 1394 1267 1455 dictorum
1281 1397 1361 1470 prin·

187 1482 283 1576 cipum
297 1498 442 1573 acciderit,
458 1514 511 1559 nos
525 1498 582 1561 illis
601 1498 734 1571 praesidio
758 1503 789 1557 et
806 1497 966 1558 defensioni
987 1514 1051 1559 csse
1071 1500 1224 1574 oportebit,
1238 1504 1279 1558 ‚et
1298 1493 1361 1567 tum

187 1608 312 1682 primum
334 1604 502 1676 sentiemus,
526 1601 608 1663 uobis
631 1603 748 1665 laudato
768 1609 864 1663 scorto
886 1602 981 1665 fucum
998 1602 1114 1664 factum
1158 1604 1255 1679 Atque
1273 1606 1361 1666 miser

187 1711 344 1773 monachus
360 1710 415 1771 hoc
428 1696 569 1773 mercedis
584 1724 635 1767 suo
646 1710 712 1783 joco
734 1714 785 1769 aut
799 1712 1013 1785 comparatione
1032 1712 1129 1786 potius
1143 1717 1244 1771 nactus
1258 1716 1313 1788 est,
1328 1718 1362 1772 ut

188 1822 220 1877 et
233 1817 312 1906 apud
326 1821 458 1892 potentes
472 1814 684 1889 traduceretur,
696 1831 744 1901 ¹ao
759 1815 857 1875 Casan
875 1816 919 1874 illi
934 1815 1066 1875 dextram
1078 1817 1110 1875 in
1125 1823 1268 1878 conventu
1281 1819 1361 1894 priu-

188 1924 285 1998 111111
308 1938 362 1996 pro
387 1936 467 1981 more
488 1921 619 2007 praebere
641 1920 865 1980 dissimulaverit
883 1936 917 1979 ac
937 1924 1021 1981 torve
1040 1922 1110 1981 sutis
1131 1924 1226 1997 ipsum
1238 1925 1360 1992 intuitus

188 2030 235 2087 111.
259 2027 391 2089 Meretur
404 2032 502 2085 tamen
516 2028 541 2084 is
550 2023 720 2097 monachus,
738 2025 1005 2101 qualiscunquesit,
1028 2027 1113 2101 hujus
1128 2028 1238 2095 consilii
1252 2046 1271 2087 1
1285 2027 1358 2088 Ger·

188 2134 282 2193 mauis
295 2133 398 2213 merito
413 2133 543 2207 gratiam
587 2132 614 2189 V
616 2114 809 2203 erendumque
823 2113 890 2189 olim
904 2117 1048 2190 suo‘malo'
1062 2129 1244 2191 Germaniam
1258 2148 1361 2209 expar-

177 2244 292 2314 turam,
308 2238 377 2311 ouid
390 2237 515 2301 voluerit
528 2236 574 2295 hio
588 2236 687 2297 abbas.

187 2380 191 2385 ſs
267 2334 345 2403 ‘xxvi
358 2342 468 2416 Aprilis
491 2343 523 2400 in
545 2336 652 2416 templo
666 2331 812 2401 Minorum
831 2342 894 2401 loco
913 2343 1119 2425 matutinarum
1138 2335 1256 2416 precum
1271 2359 1359 2416 queu-

187 2452 254 2511 dcm
276 2450 382 2525 populo
404 2449 501 2522 aliqua
526 2464 561 2507 ex
579 2448 738 2523 Evangelio
761 2447 1106 2522 Joaunispraelegentem
1128 2454 1159 2509 ct
1173 2432 1362 2523 exponentem

188 2556 341 2617 collatione
350 2533 558 2630 scripturarum
572 2552 740 2614 audivimus.
765 2553 844 2614 Inter
851 2541 965 2626 reliqua
979 2555 1034 2614 ait:
1049 2553 1105 2626 Qui
1114 2537 1146 2614 se
1155 2553 1248 2615 Deum
1263 2571 1362 2616 amare

187 2663 339 2738 gloriatur,
355 2676 419 2726 eum
435 2660 520 2718 etiam
535 2664 565 2719 11
578 2675 681 2720 manus
696 2664 725 2718 et
739 2674 790 2719 cor
805 2661 915 2720 avitiis
930 2661 1077 2738 continere
1091 2665 1216 2735 oportet.

279 2766 390 2831 Eadem
403 2765 474 2822 mihi
488 2761 697 2845 horologiolum
712 2781 777 2822 cum
786 2765 871 2824 theca
884 2764 955 2824 ioris
969 2764 1108 2824 deaurata
1122 2781 1176 2839 pro
1188 2767 1228 2825 18
1242 2760 1363 2826 thalaris

188 2872 364 2947 comparavi.
397 2870 470 2946 Legi
492 2876 524 2929 11
535 2871 737 2948 purgationem
760 2871 853 2930 nostri
872 2870 908 2930 da
927 2869 1073 2944 colloquio
1085 2870 1287 2931 Ratishoneusi
1309 2887 1362 2944 per

188 2977 332 3036 Bucerum
347 2975 545 3049 1111111111.
692 2973 694 2978 ’

153 3067 156 3077 “
277 3081 389 3143 Eadem
403 3065 461 3141 una
476 3084 825 3156 omnesexceptonepote
839 3079 992 3154 hospitium
1006 3079 1167 3140 archiducis
1176 3080 1370 3157 111111111111.1

188 3189 261 3249 Oum
284 3192 379 3254 autem
403 3186 442 3245 ad
465 3187 568 3246 atrium
588 3185 689 3246 domus
708 3187 897 3257 venissemus,
921 3185 1016 3245 edocti
1036 3184 1074 3244 ab
1093 3185 1362 3247 anteambulonibus

189 3311 297 3369 sumus,
313 3291 494 3382 archiducem
510 3306 619 3351 summo
634 3303 718 3350 mane
733 3292 831 3349 nescio
854 3307 913 3364 quo
925 3291 1039 3350 abiisse.
1078 3288 1174 3348 Aedes
1188 3290 1278 3364 igitur
1292 3305 1360 3350 can-

187 3401 299 3461 cellarii
320 3397 521 3459 Atrebateusis
543 3396 728 3484 frequentare
748 3397 840 3473 visum
863 3400 916 3453 cst.
964 3393 1023 3454 Ubi
1047 3393 1113 3452 dum
1132 3394 1164 3453 in
1182 3409 1253 3452 area
1273 3395 1362 3454 111111

189 3491 297 3566 stratos
312 3505 423 3581 lapides
438 3504 578 3576 trivimus,
599 3507 760 3576 opportune
774 3501 885 3574 Viglius
907 3499 998 3560 adest.
1035 3499 1121 3595 [lunc
1134 3498 1268 3558 Eubulus
1278 3504 1364 3573 rogat

188 3618 231 3685 ut,
248 3612 273 3670 si
287 3613 329 3671 111
343 3625 436 3671 sermo
451 3593 593 3682 inciderit,
616 3607 845 3667 recordationem
864 3607 956 3666 nostri
970 3605 1048 3680 apud
1068 3605 1233 3682 episcopum
1246 3602 1362 3677 habent,
1452 3669 1455 3673 Δ

190 3717 242 3796 qui
255 3715 317 3776 iere
331 3695 398 3790 post
410 3715 512 3775 horam
527 3713 627 3772 abiens
642 3713 697 3786 ait,
722 3727 774 3772 nes
796 3712 881 3772 isthic
894 3712 966 3771 nihil
988 3709 1103 3771 efficere
1117 3726 1213 3786 posse,
1235 3714 1362 3770 attamen

188 3837 221 3882 sc
235 3825 341 3881 uostrae
356 3835 450 3880 causae
466 3818 639 3878 1111111111
654 3815 766 3902 1111111.

166 3909 170 3916 ’
200 3957 203 3960 -
264 3927 404 4000 loannes
426 3923 524 3990 irater
541 3922 710 4006 etsemuel
732 3937 823 3997 nepos
845 3937 910 3982 cum
937 3921 1066 3997 electore
1082 3919 1197 3983 luanus
1215 3918 1364 3980 Fiidericc

119 4095 122 4098 .
187 4032 288 4107 pransi
303 4035 378 4090 sunt.
542 4016 546 4019 ’
756 4078 759 4084 .
819 4079 823 4086 .

278 4137 305 4196 Δ
319 4119 442 4223 prandio
454 4134 584 4195 Eubulus
594 4124 773 4208 licentiatum
780 4133 845 4192 Nic.
853 4125 950 4191 Maier
958 4126 1093 4203 visitavit,
1105 4129 1156 4204 qui
1165 4129 1259 4204 ipsum
1266 4128 1366 4193 111111-

189 4237 306 4302 nissirne
322 4233 473 4316 exceptum
488 4241 519 4298 in
533 4255 660 4299 museum
677 4237 945 4325 suumintroduxit,
961 4235 1125 4309 quoderat
1138 4234 1365 4308 111111111ςὶ1-

189 4364 245 4422 quc
265 4348 404 4408 librorum
438 4333 612 4419 supellectile
633 4342 780 4404 reiertum.
823 4346 853 4404 Is
865 4358 987 4417 r(puroque
1007 4333 1060 4400 uos
1075 4338 1182 4419 libello,
1206 4339 1253 4397 cui
1266 4337 1367 4398 titulus

191 4453 288 4515 Series
310 4461 341 4515 et
355 4451 478 4528 ugesuo
493 4454 698 4527 temperamus
711 4465 808 4512 rerum
823 4453 877 4512 etc.
892 4446 931 4509 ab
944 4444 1253 4535 HeariooBulliugcro
1267 4443 1364 4506 elucu-
