3017 5225
760 427 803 494 is

194 609 311 670 comites
326 614 355 670 et
370 605 568 671 coloniensem
582 610 697 686 attinet,
722 624 806 670 enum
819 609 928 671 habere
941 610 1072 686 modmn,
1095 610 1183 687 idque
1201 612 1246 672 sie
1259 610 1369 674 Oemri

193 712 386 776 referendum.
421 716 529 775 Verum
544 717 661 777 comites
677 728 791 790 quoqne
810 717 913 779 citatos
928 718 966 779 ob
979 717 1024 794 id,
1048 717 1126 791 qnod
1140 716 1207 779 duci
1221 718 1366 794 Saxomte,
1489 803 1490 810 ἵ

194 818 341 881 ceterum
356 821 481 896 principi
500 837 536 881 ac
553 822 779 897 protestantibus
795 821 1032 885 Schmellraldieae
1052 825 1166 885 unionis
1182 824 1370 886 militaverint

193 933 223 987 et
236 926 400 989 rebellionis
415 944 491 987 anno
506 928 656 1003 superiore
671 944 702 987 se
717 928 855 989 obnoxios
870 925 1052 989 reddiderint
1066 936 1119 990 etc.
1143 928 1190 990 Ad
1202 929 1265 990 hec
1279 930 1367 991 Libo-
1489 957 1490 962 1

192 1032 252 1091 rius
275 1032 436 1107 respondit,
459 1048 512 1093 nos
534 1049 698 1109 quanquam
718 1035 829 1109 magnis
847 1040 878 1095 et
891 1035 979 1095 verii's
997 1035 1122 1109 repotiis
1141 1034 1218 1097 domi
1236 1036 1370 1110 occupati
1404 1118 1410 1134 ι
1489 1105 1490 1108 ¹

193 1154 246 1197 neo
260 1138 298 1199 ab
311 1138 434 1199 hostium
451 1154 564 1212 qnoque
578 1137 789 1199 incursionibus
804 1139 897 1213 liberi,
912 1145 1010 1200 umen
1024 1154 1128 1214 magno
1142 1156 1196 1201 nos
1209 1141 1370 1215 Angustam
1489 1149 1490 1184 i

192 1244 357 1319 contulisse,
375 1236 432 1318 quo
452 1260 585 1304 caesarea
600 1245 743 1319 mnjestati
758 1244 951 1305 obedientiam
965 1251 1182 1320 presteremus3
1206 1245 1286 1319 quod
1298 1260 1369 1306 vero

192 1347 231 1408 ad
245 1365 358 1409 causam
372 1350 464 1424 ipsam
479 1350 623 1425 attineret,
649 1350 795 1411 archidnci
811 1354 841 1413 et
855 1350 967 1410 ceteris
982 1355 1081 1410 notum
1096 1366 1168 1426 esse,
1185 1350 1263 1425 qnod
1277 1353 1370 1411 noemi

192 1457 260 1513 ente
280 1470 392 1515 menses
414 1456 479 1529 plus
498 1470 548 1515 sex
569 1455 599 1514 in
615 1455 706 1513 nostri
726 1456 942 1515 excusationem
961 1456 992 1513 in
1007 1454 1133 1515 medinm
1152 1453 1327 1516 adduxerint
1340 1459 1371 1515 ct
1490 1525 1491 1534 χ

192 1560 352 1633 protocollo
362 1560 531 1634 inscriptum
544 1560 590 1619 sit.
614 1560 688 1618 'lum
700 1558 727 1618 d.
737 1557 933 1633 hlarqnardus
949 1560 1149 1635 interrogarit,
1164 1560 1277 1619 dicens:
1291 1558 1370 1620 Num

193 1668 223 1723 et
236 1663 294 1722 alia
308 1668 416 1737 praeter
430 1681 479 1739 ea,
502 1681 567 1738 qnae
581 1668 643 1723 tum
657 1662 833 1740 adduxistis,
856 1663 937 1725 vohis
952 1664 1075 1725 adierre
1089 1670 1136 1726 est
1148 1663 1281 1725 animus?
1310 1664 1368 1727 lte-

192 1784 328 1844 sponsum
350 1772 509 1844 ascetria,
540 1769 648 1831 habere
674 1769 791 1843 quidem
811 1786 871 1841 nos,
885 1770 986 1844 plara,
1011 1784 1076 1843 quse
1098 1769 1136 1831 ed
1158 1770 1369 1830 excusationem

192 1875 283 1934 noemi
297 1872 420 1951 iaciant,
443 1890 542 1935 verum
564 1891 600 1935 ne
622 1872 736 1934 domino
759 1873 906 1934 archiduci
922 1879 953 1935 et
966 1876 1080 1935 catoris
1098 1874 1212 1935 molesti
1232 1890 1369 1954 essemus,

192 1994 244 2041 nos
259 1985 367 2056 petere,
382 1986 415 2041 ut
429 1998 481 2041 sna
496 1980 634 2041 celsitudo
649 1984 679 2040 et
693 1978 742 2040 alii
758 1979 915 2039 consiliarii
929 1996 966 2040 ea
979 1978 1126 2055 relegere,
1142 1996 1207 2054 que
1221 1996 1310 2057 snper
1323 1981 1370 2040 his
1491 1993 1492 2036 t

191 2086 223 2144 in
236 2085 394 2161 protocollo
412 2088 528 2162 signate
550 2091 664 2163 essent,
691 2087 881 2160 dignarentur
895 2090 925 2146 et
938 2086 1134 2161 imperatoria
1157 2087 1303 2160 maiestati
1316 2102 1370 2147 nos

192 2191 534 2253 commendatoshehare.
1151 2174 1158 2190 ’

279 2296 351 2359 Post
365 2298 461 2371 exigui
475 2295 613 2370 temporis
628 2296 811 2355 intervallum
824 2294 986 2369 Marquard
1006 2296 1165 2372 respondit,
1184 2296 1369 2358 archiducem

191 2404 374 2478 praesentiam
388 2408 516 2462 nostram
531 2407 561 2461 et
571 2401 736 2474 petitionem
753 2415 887 2459 cesarea
900 2401 1052 2479 maiestati,
1069 2403 1291 2477 quamprimum
1305 2399 1371 2461 lieri

191 2512 306 2583 posset,
331 2509 490 2569 relaturum
509 2512 538 2567 et
558 2506 679 2566 eundem
699 2506 726 2597 d.
743 2504 959 2582 presidentem,
981 2512 1015 2567 ut
1029 2501 1152 2568 essere
1175 2506 1322 2569 decretum
1339 2506 1372 2565 in

192 2610 247 2674 hoc
260 2619 484 2690 expectaremus,
497 2610 609 2688 iubere.
626 2613 753 2674 Petitum
769 2614 857 2674 etiam
871 2629 891 2675 a
904 2614 996 2689 nobis,
1012 2617 1045 2674 ut
1059 2614 1207 2691 petitionis
1217 2612 1369 2675 colonien-

184 2720 265 2780 ·sium
280 2719 362 2780 nobis
377 2721 461 2795 copia
475 2735 527 2794 per
542 2721 680 2796 scriptum
694 2718 787 2780 fieret.

279 2826 390 2886 Eodem
406 2826 492 2888 Ottho
507 2841 600 2886 eomes
615 2843 633 2886 a
647 2823 810 2900 Rethberg,
833 2825 974 2889 Ernestus
993 2825 1120 2887 aSolms
1135 2831 1165 2886 et
1180 2824 1370 2886 cancellarius
1492 2816 1493 2823 '

192 2932 399 3006 archiepiscopi
420 2931 591 3006 bremensis,
613 2931 731 2990 Henrici
752 2929 832 2990 ducis
848 2930 1068 3004 aBrunschwig
1081 2934 1254 3005 procurator
1268 2933 1370 2989 contra

193 3036 388 3098 Goslarienses
404 3043 434 3098 ot
448 3038 565 3098 comites
582 3035 751 3096 waldeciani
770 3036 847 3110 apud
861 3036 994 3097 comitem
1005 3035 1190 3098 wilhelmum
1204 3035 1242 3098 de
1255 3033 1372 3097 Nastae

192 3142 293 3217 pransi
308 3149 382 3207 sunt.
416 3163 418 3168 ¹
1020 3155 1023 3158 ’

280 3247 340 3310 Ubi
354 3248 421 3309 dnm
431 3247 562 3309 Eubulus
577 3247 672 3308 comiti
687 3246 830 3308 ellassam
844 3251 954 3321 murat,
970 3248 1065 3323 ipsum
1077 3245 1237 3307 marchioni
1250 3243 1372 3305 ilberto

192 3353 445 3430 eBrandenburg
468 3355 581 3416 nomine
611 3351 790 3422 dominorum
818 3351 1032 3427 allenneberg
1062 3352 1163 3412 literas
1185 3350 1372 3410 maiacum

191 3460 303 3536 Dalwig
322 3466 526 3521 concernentes
549 3458 702 3533 obtulisse,
733 3473 770 3516 en
791 3473 859 3518 mox
880 3473 976 3519 comes
991 3457 1159 3519 wilhelmus
1174 3455 1212 3518 ad
1226 3454 1372 3531 prinsipes

192 3565 303 3638 aliquot
316 3571 444 3648 vocatus,
464 3566 541 3624 inter
556 3578 629 3638 qnos
649 3567 680 3622 et
693 3561 788 3637 ipsum
802 3564 997 3624 marchionem
1008 3563 1069 3636 jam
1082 3566 1184 3622 commo
1198 3575 1244 3618 me
1267 3573 1370 3633 quere-

191 3670 249 3730 lam
267 3649 464 3732 instituentem
481 3671 519 3730 ob
534 3669 665 3728 clientem
689 3683 773 3726 suum
788 3667 901 3740 Dalwig
927 3672 1132 3742 regentemque
1151 3665 1296 3740 principes
1317 3662 1370 3737 eli-

193 3779 272 3850 quot,
295 3780 328 3834 ut
342 3776 383 3834 illi
399 3781 494 3835 astare
509 3774 613 3848 velint,
638 3788 704 3833 nam
726 3773 822 3846 ipsum
840 3768 921 3843 apud
935 3769 1079 3831 Gaesarem
1100 3786 1146 3829 me
1161 3774 1370 3841 accusaturum,

128 3881 130 3892 ’
192 3880 310 3954 reperit.
349 3881 496 3940 Praeterea
519 3877 655 3952 quioquid
670 3872 825 3936 Waldeeiis
847 3874 1059 3935 incommodare
1078 3877 1188 3950 possit,
1212 3874 1252 3935 ad
1270 3874 1326 3932 hoc
1339 3887 1372 3930 se

192 3991 326 4060 paratum
346 4000 408 4044 esse
430 3985 569 4060 gloriatus
590 3985 643 4043 est.
681 3981 790 4042 litere
813 3980 889 4040 enim
913 3980 1092 4043 dominorum
1106 3995 1126 4040 a
1139 3978 1316 4051 Henneherg
1329 3975 1373 4034 illi

192 4090 279 4151 hilem
293 4095 452 4151 moverent.
491 4088 550 4150 Sed
564 4094 661 4150 tamen
675 4094 780 4164 rogatu
795 4086 906 4148 comitis
921 4085 957 4147 de
971 4086 1087 4148 Nasson
1102 4101 1137 4147 eo
1152 4085 1276 4158 devenit,
1299 4082 1373 4142 ntis

192 4197 269 4256 inter
282 4195 474 4256 marchionem
494 4200 524 4255 et
537 4209 582 4254 me
596 4194 707 4255 arbiter
721 4192 870 4268 existeret,
892 4193 990 4267 sicque
1004 4193 1101 4257 mitior
1116 4190 1250 4253 redditur
1264 4185 1370 4248 siber·

192 4306 239 4362 tus
254 4302 303 4362 ille
316 4302 401 4363 Mero
417 4298 557 4377 (marchio
571 4299 703 4362 solebam
718 4296 838 4373 dicere).

281 4407 392 4469 Eadem
408 4407 551 4468 dominam
563 4405 723 4494 principem
734 4403 918 4465 convenimus
930 4417 995 4465 eam
1005 4407 1153 4478 utcunque
1166 4401 1293 4464 solantes
1306 4397 1371 4460 hre-

191 4512 331 4590 sibnsqhe
345 4512 437 4576 mulu
451 4525 515 4576 cum
529 4529 565 4576 ee
579 4495 773 4594 conterentes,
