3017 5225
236 1253 416 1342 Duodecimo
436 1280 537 1339 Martii
557 1278 684 1339 exhibita
703 1284 748 1338 est
768 1277 867 1337 citatio
883 1274 981 1337 Caroli
1006 1278 1104 1351 Quinti
1124 1278 1247 1340 casaris
1265 1279 1325 1340 Au·

147 1389 238 1463 gusti,
257 1403 315 1461 qua
329 1385 421 1446 dictus
437 1384 538 1445 comes
547 1383 703 1446 Wolradus
717 1383 754 1443 ob
768 1382 975 1444 malevolorum
987 1383 1126 1443 invidiam
1140 1387 1244 1445 citatus
1259 1384 1324 1445 luit.

235 1489 391 1566 iijAprilis
414 1488 573 1550 (lorbachio
593 1488 716 1565 profecti
734 1489 841 1549 ibidem
861 1489 979 1549 comites
999 1490 1165 1564 Philippum
1181 1491 1326 1564 iuniorem

148 1602 178 1657 et
197 1597 338 1657 Joaunem
357 1593 463 1655 fratres
479 1599 508 1654 et
522 1601 655 1669 nepotem
669 1593 879 1670 praestolantes.
915 1590 1005 1653 Faxit
1027 1592 1157 1655 christus
1173 1600 1232 1670 opt.
1248 1610 1324 1655 max.

147 1707 181 1762 ιιι
195 1700 291 1761 fausta
307 1702 364 1761 sint
379 1701 490 1761 omnia!

236 1807 266 1864 iv
278 1804 388 1882 Aprilis
402 1804 552 1880 Philippus
568 1810 597 1863 et
611 1802 738 1865 Josuues
753 1803 860 1865 matres
870 1806 962 1865 nostri
977 1811 1008 1866 ιι
1016 1804 1132 1866 Samuel
1145 1820 1235 1881 nepos
1249 1806 1325 1866 Her·
1347 1843 1349 1846 v

148 1926 285 1994 mannam
299 1925 317 1969 a
331 1909 582 1983 Wolmerkhusen,
598 1910 738 1970 Joannem
752 1910 953 1985 Milohlingum
966 1927 986 1970 a
998 1910 1159 1971 Schonstad
1173 1913 1324 1987 seniorem,

149 2015 306 2075 Henricum
326 2012 445 2073 nothum
465 2029 483 2071 a
503 2011 654 2087 Waldeck,
677 2013 880 2074 Weudelinum
899 2012 1116 2089 carbonarium,
1140 2015 1275 2090 Philippo
1295 2022 1326 2075 et

147 2120 257 2180 Joanni
275 2117 413 2179 iratribus
433 2134 451 2178 a
472 2119 600 2192 secretis,
623 2117 823 2178 Hermannum
840 2118 966 2177 Nellium
986 2118 1155 2195 Sperantem
1174 2118 1324 2195 Wolrado,

148 2230 179 2285 et
197 2225 338 2285 Joaunem
354 2223 438 2281 Hake
453 2222 586 2297 Philippo
602 2224 709 2283 seniori
728 2223 824 2283 comiti
843 2221 1017 2283 aWaldeck
1035 2238 1054 2282 a
1069 2224 1195 2298 secretis,
1211 2225 1242 2283 in
1256 2240 1323 2283 eou-

29 2402 30 2406 Ἰ
148 2328 243 2389 silium
257 2327 434 2402 adhibentes,
459 2327 494 2386 de
509 2328 584 2388 mole
599 2330 779 2402 negotiorum
794 2344 828 2387 ac
842 2345 881 2387 an
903 2328 999 2386 comiti
1015 2328 1149 2401 Samueli,
1174 2329 1253 2402 quod
1267 2345 1325 2390 nou

147 2436 250 2496 ciuus
271 2438 355 2507 esset,
378 2433 449 2493 utile
469 2430 556 2507 foret,
581 2432 729 2494 uobiscum
748 2434 909 2509 Augustam
930 2430 1080 2507 proficisci.
1115 2433 1208 2493 Nobis
1227 2439 1324 2494 autem

147 2555 205 2599 non
219 2555 324 2616 parvas
340 2535 377 2597 ob
394 2554 494 2598 causas
510 2538 682 2599 instantibus
697 2543 730 2599 ιιι
744 2537 822 2600 domi
835 2542 976 2614 maneret,
988 2543 1085 2598 umen
1096 2540 1219 2615 pervicit
1232 2540 1324 2614 patris

147 2648 237 2722 ipsius
256 2651 433 2720 praeceptum
452 2661 485 2706 ac
501 2644 641 2706 Samuelis
655 2645 800 2720 voluntas,
824 2652 858 2706 ut
876 2645 1023 2706 uobiscum
1039 2643 1245 2720 profectionem
1259 2662 1322 2706 sus·

148 2751 266 2828 ciperet.

234 2871 253 2915 v
274 2853 383 2930 Aprilis
406 2855 573 2916 charissima
600 2855 702 2916 relicta
729 2872 820 2916 uxore
848 2854 886 2916 ad
907 2855 1008 2916 Fuldae
1030 2853 1136 2916 sadum
1163 2854 1249 2928 uulgo
1276 2853 1323 2915 die

148 2977 198 3022 uur
213 2959 293 3020 vuar
314 2958 444 3019 Eubulus
464 2959 624 3034 contendit,
648 2961 697 3021 ubi
718 2962 861 3022 dominam
881 2977 994 3022 socrum
1013 2978 1032 3020 a
1052 2959 1256 3033 Schwarnburg
1274 2974 1321 3020 re·
1396 3011 1399 3016 .

149 3066 237 3140 perit,
262 3080 326 3139 quae
353 3065 487 3124 mancam
509 3067 538 3124 in
564 3066 667 3126 itinere
687 3073 816 3127 mutuum
843 3066 923 3127 dedit
944 3064 1069 3126 florenos
1092 3064 1178 3124 mille.
1217 3062 1322 3124 Ceteri

148 3174 245 3232 autem
260 3170 376 3231 comites
391 3171 421 3229 in
435 3170 549 3246 Heyda,
574 3172 641 3231 olim
655 3172 799 3247 virginum
820 3173 970 3232 vestalium
990 3169 1136 3244 coenobio,
1159 3165 1323 3247 pernoctati

148 3281 223 3336 sunt.

235 3380 264 3455 vj
278 3378 387 3455 Aprilis
409 3379 539 3441 Eubulus
560 3382 654 3442 socrui
675 3381 748 3440 bene
768 3384 902 3454 precatus
923 3393 986 3438 eam
1000 3376 1180 3438 Waldeciam
1199 3377 1237 3438 ad
1250 3394 1321 3438 uro·

112 3539 117 3550 ,
147 3501 208 3548 rem
222 3491 254 3546 ιι
266 3464 356 3546 filiam
370 3485 457 3560 misit,
479 3487 541 3561 ipse
557 3502 620 3546 cum
635 3486 747 3546 catenis
763 3485 913 3545 comitibus
927 3481 1106 3542 Marxsulam
1122 3481 1322 3556 proficiscitur.

159 3643 163 3649 .
235 3591 315 3651 Inter
337 3591 428 3666 Vhar,
442 3595 472 3650 et
494 3591 626 3664 Heydam
649 3593 756 3651 Joanni
779 3569 947 3664 Mdchlingo
969 3589 1076 3649 seniori
1101 3593 1131 3646 et
1153 3588 1322 3648 Hermanno

147 3696 242 3757 Nellio
258 3696 392 3772 Speranti
406 3713 503 3757 rerum
519 3697 737 3757 domesticarum
758 3713 791 3756 ac
806 3697 933 3771 regionis
955 3712 1053 3754 curam
1072 3693 1276 3755 commendans
1291 3697 1322 3753 iu

124 3821 126 3826 ’
146 3802 249 3875 Heyda
265 3817 379 3876 quoque
394 3803 455 3863 dati
470 3807 537 3861 sunt
551 3799 688 3863 fratribus
703 3801 969 3878 perHsrmaunum
984 3807 1098 3861 centum
1113 3805 1143 3859 ιι
1157 3800 1321 3874 sesquiceu·

146 3910 208 3968 tum
222 3906 327 3967 tbsleri
341 3907 372 3965 in
388 3905 545 3967 subsidium
557 3907 646 3967 annui
657 3907 798 3983 redditus,
808 3907 859 3981 qui
874 3921 950 3965 nunc
964 3905 1063 3966 matris
1077 3905 1207 3966 vitaliffis
1222 3906 1324 3968 exibat

146 4011 277 4073 redditus
291 4015 345 4070 est.

235 4115 394 4176 Murxsulae
408 4131 427 4176 a
442 4117 629 4193 pandochseo‚
655 4117 701 4177 cui
719 4131 823 4176 nomen
838 4114 906 4176 Otto
922 4112 1086 4188 Schwencln
1109 4111 1215 4173 ιιιιιιε
1234 4127 1324 4187 nepos

146 4227 176 4284 et
194 4238 248 4298 ego
268 4220 422 4296 infantem,
447 4238 532 4297 quem
551 4223 593 4282 illi
612 4238 684 4282 uxor
704 4237 757 4282 sue
777 4237 812 4282 eo
831 4219 877 4280 die
897 4223 1081 4295 perpererat,
1105 4234 1121 4278 e
1141 4215 1322 4278 sacrofonte

146 4329 245 4390 levare
259 4329 354 4402 rogati
369 4343 474 4388 sumus.
506 4329 602 4389 Puero
617 4343 721 4389 nomen
736 4325 860 4387 inditum
874 4322 1004 4384 Gotthill.

236 4434 274 4508 vij
297 4431 406 4511 Aprilis
425 4451 444 4493 a
462 4433 612 4493 Marxsula
633 4434 802 4508 Meiningen
821 4427 1033 4503 contendimus,
1057 4443 1113 4503 qno
1135 4441 1198 4486 cum
1218 4439 1320 4501 perve-

149 4539 289 4600 nissemus
309 4555 327 4600 a
346 4539 469 4600 dominis
492 4537 528 4601 de
548 4536 724 4613 Hsuueberg
744 4533 917 4598 Masleldam
936 4533 1080 4609 amersiti,
1104 4530 1182 4607 apud
1199 4545 1272 4604 quos
1292 4533 1323 4589 ιι
