3017 5225
133 631 282 692 adducens
298 631 421 693 Paulum
442 627 646 704 corripientem
661 631 839 706 Corinthios³
869 630 947 705 quod
967 651 998 694 sc
1018 635 1090 694 alins
1111 633 1207 709 Pauli,
1236 638 1311 696 aliut
1369 648 1372 656 ’

134 734 251 811 cepae,
275 734 348 796 aba
369 736 512 811 Apollinis
532 720 664 810 cuonem
683 729 968 810 nonannoeane.
1000 740 1062 798 noe
1081 741 1196 800 interim
1218 741 1308 815 negu-

133 857 205 915 gens
220 843 349 917 pupistas
364 844 394 899 et
407 841 560 901 monachos
576 841 682 901 diremi
697 841 806 901 ordinis
822 848 851 908 et
866 845 980 918 similes,
1006 845 1056 916 qui
1078 861 1135 904 uon
1149 847 1180 903 iu
1196 845 1308 906 Christo

133 945 186 1006 sed
201 944 256 1004 sub
270 947 329 1004 suis
344 944 474 1027 patronus
495 953 580 1005 sumt:
607 947 679 1006 Item
699 953 802 1012 taram
822 926 859 1006 ex
878 951 993 1021 nostris,
1018 951 1067 1022 qui
1087 949 1175 1010 verbo
1197 955 1308 1010 tantum

133 1055 165 1108 et
186 1043 320 1111 oretenus
342 1049 497 1111 Gbmstiaui
520 1058 595 1110 sunt.
633 1051 694 1110 Nec
714 1053 790 1110 enirn
813 1051 944 1113 sulficere
964 1053 1018 1126 ait,
1044 1055 1109 1114 ritis
1129 1069 1242 1114 sumum
1264 1064 1307 1114 at·

132 1157 267 1230 traxisse,
291 1155 342 1214 sed
356 1161 491 1229 oportere
507 1162 540 1215 ut
554 1171 625 1215 naas
640 1160 669 1214 ct
684 1156 782 1216 botros
805 1154 938 1218 ieramus.
970 1157 1027 1218 Sed
1047 1159 1124 1218 dices
1142 1158 1230 1219 forte:
1254 1160 1307 1232 Qui
1338 1141 1341 1146 ¹

132 1262 208 1319 scire
226 1277 355 1334 possum,
380 1262 496 1334 quaudo
518 1262 549 1318 in
571 1260 685 1320 cbristo
705 1261 856 1322 maneant?
892 1257 1064 1344 Respondit:
1089 1262 1158 1344 (lum
1180 1265 1318 1344 spiritus,¹

133 1367 183 1437 qui
196 1370 241 1424 est
251 1365 418 1437 innomine,
431 1366 512 1438 sciat,
521 1366 590 1439 quid
603 1367 684 1424 sitin
696 1365 820 1438 bomine,
829 1365 913 1426 facile
924 1370 1083 1442 restinctis,
1093 1383 1209 1427 numer
1221 1370 1307 1430 corde

131 1469 206 1528 bene
220 1485 291 1554 erga
306 1468 449 1529 Christum
464 1469 584 1530 citemus
598 1471 647 1543 sis,
670 1486 708 1529 an
723 1485 828 1530 secus.¹
847 1470 921 1544 Quia
935 1479 1031 1532 autem
1051 1472 1160 1546 palmes
1180 1489 1237 1532 non
1251 1471 1308 1532 ient

131 1571 255 1632 fructum
278 1580 360 1634 extra
380 1575 485 1649 ritem,
514 1573 684 1635 manendum
705 1575 760 1634 tibi
781 1577 811 1634 in
837 1574 950 1637 Christo
973 1586 1018 1664 est
1040 1582 1069 1636 ct
1092 1578 1138 1635 bic
1161 1561 1307 1650 rogandum

132 1685 190 1752 est,
213 1685 246 1737 ut
264 1680 348 1752 juxta
369 1681 587 1753 promissionem
608 1695 689 1738 snam
712 1681 741 1738 in
764 1684 793 1738 te
815 1688 937 1740 maneat.
978 1681 1016 1740 Et
1037 1689 1180 1756 praterea
1202 1681 1307 1740 multas

131 1784 274 1844 amaros
292 1799 455 1857 paraeneses
476 1800 512 1844 ex
532 1784 586 1843 boc
604 1787 686 1844 temo
705 1784 733 1844 d.
755 1783 903 1856 Masculus
924 1785 1069 1859 produxit.
1100 1786 1158 1846 Det
1177 1785 1306 1846 Christus

131 1890 278 1964 dominus,
301 1896 334 1949 ut
352 1891 382 1948 in
400 1905 435 1949 eo
455 1905 681 1965 permaneamus,
705 1890 816 1966 etipse
835 1891 865 1949 in
884 1891 968 1950 nobis
989 1875 1104 1951 manere
1124 1891 1203 1964 velit,
1224 1893 1307 1964 juxta

130 1994 288 2068 ipsiusmet,
312 1995 363 2068 qui
378 1995 441 2069 ipsa
454 2002 500 2054 cst
519 1983 634 2069 verit'aa
658 1977 895 2070 promissionem.'
918 1996 952 2054 Iu
973 1982 1216 2056 obsecrationibus
1232 1998 1307 2056 inter

130 2103 236 2158 catera
257 2114 343 2158 arare
361 2116 414 2172 pro
434 2098 621 2175 imperatore,
646 2115 727 2173 rege,
757 2098 927 2158 electoribus
941 2105 979 2160 ¹ct
1001 2100 1131 2159 amnibus
1153 2101 1305 2172 magistra·

130 2205 221 2278 tibus,
245 2206 279 2263 ut
300 2205 370 2264 deus
391 2204 506 2265 illorum
528 2207 638 2264 mimas
657 2204 801 2265 msdllare
821 2203 990 2278 dignaretur
1013 2218 1168 2275 agnoscere
1191 2203 1247 2276 qut
1268 2205 1306 2260 sit

132 2307 294 2370 differentia
307 2311 384 2369 inter
398 2311 596 2383 magistratum
612 2299 751 2368 turcicum
766 2315 795 2368 et
810 2297 1124 2381 cbnsnannmjjnssit.

116 2496 118 2500 ι
219 2414 330 2474 Eadem
351 2416 466 2493 quidum
486 2420 564 2474 certe
584 2412 748 2474 affirmabat
768 2415 844 2472 iutra
864 2411 936 2472 duos
958 2429 1070 2472 mensas
1088 2415 1202 2476 mutuo
1222 2415 1304 2473 absc·

132 2519 193 2579 luta
208 2517 280 2580 iore.
312 2520 371 2582 Sed
386 2532 477 2578 tanus
491 2520 539 2578 bic
552 2519 647 2578 extitit
660 2533 762 2594 augur.

222 2624 378 2710 Postquam
393 2625 593 2685 Atrebatensis
612 2642 630 2686 a
649 2627 773 2701 septima
786 2627 830 2709 ad
849 2632 977 2689 aaran
999 2625 1117 2685 anobis
1139 2630 1305 2699 expectatus

132 2738 214 2804 esset,
238 2730 356 2791 tandem
370 2732 425 2794 boc
441 2730 520 2791 dedit
539 2732 677 2805 responsi,
702 2746 734 2789 ee
754 2730 880 2791 noudum
899 2732 990 2791 nostri
1010 2732 1138 2804 potuisse
1157 2729 1234 2804 apud
1252 2732 1303 2791 im·

131 2842 297 2911 peratorem
318 2838 490 2896 mentionem
511 2834 615 2895 facere
655 2836 785 2910 Rogatus
808 2840 840 2895 ut
863 2836 909 2894 vel
931 2834 1025 2895 adbuc
1047 2833 1167 2908 iaceret,
1192 2831 1303 2921 laciano,

131 2943 187 3015 ait,
211 2940 265 3001 sed
285 2946 402 3024 opomet
424 2935 473 3000 ¹ros
496 2947 647 3014 expectare
670 2947 781 3014 tempus
800 2940 841 2999 nd
864 2939 894 2999 id
917 2939 1101 3001 commodum.
1146 2939 1254 2999 Aderat
1276 2944 1305 2998 et

132 3029 296 3105 Maluenda:
329 3057 333 3067 ‘
380 3074 383 3079 ·
1117 3048 1121 3060 ⁴

220 3150 351 3209 diarchia
372 3152 480 3210 elector
502 3151 783 3225 brandenburgensis
805 3157 835 3210 et
857 3164 929 3216 ωςοι
950 3152 1025 3224 epus,
1055 3162 1148 3208 cernes
1177 3150 1304 3213 loannes

132 3272 149 3314 a
164 3254 308 3315 Waldeclr
322 3256 578 3328 etScbombengius
593 3256 821 3330 protospatarius
834 3254 959 3314 'Oaesaris
974 3254 1052 3328 apud
1068 3253 1211 3317 dominam
1226 3253 1304 3326 priu-

131 3362 224 3435 cipem
244 3353 357 3421 Hassiae
379 3361 476 3433 pransi
495 3366 571 3418 sunt.
603 3361 628 3417 A
649 3359 771 3434 prandio
791 3360 899 3418 elector
918 3374 1037 3417 uxorem
1057 3371 1138 3414 suam
1159 3362 1189 3415 ct
1208 3356 1304 3414 landt-

131 3467 259 3539 gravium
284 3468 316 3523 in
340 3466 439 3524 bortos
461 3457 598 3524 lierbroti
623 3462 773 3524 seruatum
795 3465 890 3536 duxit,
921 3463 970 3539 nbi
993 3462 1135 3521 dominam
1158 3457 1306 3533 landtgra

131 3571 206 3629 niun
222 3574 252 3629 et
265 3571 320 3643 ipsi
334 3545 451 3633 allocmi
466 3586 576 3642 snmus,
586 3592 590 3597 ·
601 3586 664 3628 eam
678 3568 717 3629 ad
731 3567 887 3645 hospitium
909 3569 1053 3631 ducentes.
1145 3566 1150 3573 “

220 3675 318 3738 Allata
338 3681 382 3734 cst
397 3672 483 3747 buna,
506 3676 537 3733 in
551 3655 773 3736 Noviomarcbia
791 3674 863 3734 urbe
882 3674 1007 3733 Palatini
1027 3672 1158 3732 electoris
1178 3668 1304 3730 interdiu

130 3782 210 3840 claro
227 3782 288 3854 J'cm
307 3780 368 3839 sole
387 3780 523 3854 templum
541 3777 651 3861 fndbna
671 3778 837 3843 ardentibus
858 3779 985 3851 undique
1005 3775 1188 3849 completum,
1212 3772 1253 3833 ila
1272 3779 1304 3832 ut
1337 3766 1341 3774 “

131 3886 293 3945 bominibus
314 3886 344 3944 iu
363 3882 427 3943 iore
447 3884 694 3943 deambulantibus
708 3886 840 3957 proximo
860 3886 950 3943 usum
966 3884 1004 3941 sit
1023 3883 1100 3940 intus
1115 3877 1302 3952 conflagrare,

130 3997 162 4051 et
181 3994 279 4050 uado
297 3993 347 4066 qni
366 3990 601 4050 tumultnsintra
619 3991 757 4063 templum
777 3987 867 4049 auditi
886 3991 952 4047 sint.
986 3985 1080 4057 Omen
1096 3984 1180 4045 baud
1202 3981 1301 4053 dnbic;

130 4096 201 4170 quid
220 4083 315 4156 autem
334 4098 499 4170 portendat,
524 4098 603 4156 novit
617 4095 756 4166 domiuus,
781 4095 829 4165 qni
844 4092 987 4165 propitius
1005 4095 1108 4149 cunum
1126 4088 1201 4150 mula
1221 4102 1302 4146 aver·

130 4206 184 4261 tat.
214 4202 321 4263 Relatu
336 4202 456 4261 Adriani
472 4202 626 4261 a‘Zertnen
641 4206 671 4259 et
682 4196 892 4280 ¹lliicbstatensis
908 4195 1042 4268 episcopi.

220 4306 352 4365 blacchia
375 4306 483 4365 elector
506 4304 784 4376 brandenburgensis
803 4292 881 4377 apud
901 4316 1054 4373 casam
1075 4301 1251 4371 mmesuoem
1273 4313 1304 4355 se

132 4425 185 4483 pro
201 4403 395 4471 Waldeci'anis
405 4411 559 4470 ‘amitinus
572 4411 793 4484 intercessuram
808 4408 950 4491 pollicitus
966 4410 1017 4463 est.
1093 4442 1099 4449 -
1173 4388 1175 4393 ’

220 4514 366 4577 manus
386 4516 541 4576 aZertacn
561 4530 625 4573 cum
645 4513 816 4573 Colonieuse
830 4509 936 4569 Eubuli
957 4524 1026 4580 ergo
1039 4508 1140 4603 'mssa
1159 4505 1301 4577 glomnba·
