3017 5225
768 402 843 473 244:

221 584 281 645 iere
297 582 350 645 snb
365 576 478 645 nectem
493 600 558 643 cnm
571 580 631 645 ona
645 581 769 645 Aemilia
778 582 1007 647 Oranichieldam
1020 583 1249 661 uqulpurgim
1262 602 1394 648 sororem
1496 661 1497 666 γ

222 706 303 750 suam
318 688 398 750 abiit
989 740 994 747 .
1496 741 1497 762 ,

310 794 432 856 Gothum
452 793 505 855 sub
527 795 674 868 septimam
697 796 790 855 noctis
812 795 993 869 pervenimus
1016 794 1154 870 hospitati
1175 797 1206 856 in
1228 794 1340 868 sumpse
1361 803 1393 857 et
1496 811 1497 816 ’

219 901 326 961 rustico
341 901 473 974 hospitio.
499 900 600 963 Gothae
616 900 704 961 Ottho
720 917 738 959 s
753 899 864 961 Sebaoh
878 899 971 962 Annae
985 899 1075 961 irater
1090 901 1200 962 aderat.

309 1024 347 1066 xx
361 1006 432 1065 Julii
451 1004 553 1065 Gothae
579 1008 611 1065 in
634 1005 765 1068 coenebio
784 1005 1038 1080 Augustinensinm
1064 1006 1220 1081 quendam,
1251 1006 1301 1079 qni
1324 1007 1392 1066 olim

220 1110 347 1184 ejusdem
362 1111 486 1172 coenobii
499 1110 655 1172 monachus
669 1109 775 1184 fueret,
791 1126 827 1169 ex
842 1126 903 1184 cep.
924 1114 961 1169 17
978 1110 1078 1171 soor.
1093 1111 1253 1178 audiuimus
1269 1110 1306 1169 de
1321 1127 1389 1185 pro-

220 1212 343 1276 iectione
358 1217 442 1275 Pauli
457 1222 487 1275 et
501 1217 568 1275 Silue
584 1233 620 1275 ex
642 1215 783 1291 Philippis
806 1217 836 1275 in
851 1215 1074 1275 Thessalonicen
1093 1222 1202 1290 etqnae
1221 1216 1260 1275 sit
1272 1215 1392 1277 fortuna

219 1318 415 1394 profitentium
435 1322 599 1395 veritatem,
624 1326 654 1381 et
668 1337 732 1394 qnae
746 1319 836 1381 fuerit
849 1313 1011 1381 constantia
1024 1321 1124 1397 Psnli,
1149 1322 1198 1395 qui
1218 1336 1278 1403 nec·
1291 1322 1339 1382 vel
1353 1323 1393 1382 oh

219 1426 321 1500 plagas
336 1426 381 1485 vel
395 1426 514 1500 injurias
530 1426 671 1501 Philippis
691 1431 824 1499 acceptas
844 1431 957 1486 erecto
972 1426 1121 1487 discedere
1143 1430 1195 1487 ant
1207 1426 1390 1512 praedicatio·

220 1546 284 1588 nem
301 1532 440 1605 euangelii
454 1531 616 1604 relinquere
630 1531 762 1592 voluerit.
800 1532 873 1592 Item
887 1532 990 1605 quibus
1009 1532 1046 1593 de
1060 1533 1158 1594 rebus
1168 1536 1198 1591 et
1212 1532 1314 1604 quenti
1328 1547 1390 1589 mo·

220 1636 309 1695 menti
324 1652 358 1695 aa
372 1628 480 1695 fuerim
489 1682 504 1711 ‚.
518 1652 582 1709 quse
597 1635 703 1695 Paulus
723 1636 801 1709 apud
815 1637 1084 1697 Thessalonicenses
1105 1640 1217 1698 locutus
1232 1638 1278 1696 sit.
1318 1636 1392 1697 Item

220 1740 299 1814 quod
314 1741 378 1802 duae
397 1748 444 1800 res
458 1742 568 1801 Judaeis
590 1742 768 1816 obstiterint,
790 1743 941 1814 quominus
955 1740 1042 1802 fidem
1057 1744 1157 1801 christi
1170 1746 1321 1817 acceptare
1335 1756 1390 1816 po-

219 1848 340 1921 tuerint,
357 1863 416 1905 una
430 1847 508 1921 quod
523 1847 652 1921 neglecto
668 1846 776 1933 christo
796 1864 849 1921 per
868 1864 958 1921 opera
976 1847 1048 1924 legis
1057 1854 1097 1908 ‘et
1115 1864 1168 1907 sna
1187 1848 1340 1907 sedulitate
1360 1850 1393 1905 et

219 1953 328 2011 meritis
338 1968 369 2011 se
379 1968 464 2026 posse
474 1953 579 2013 salvari
594 1951 648 2020 sibi
658 1953 729 2027 ipsis
738 1968 906 2027 persuasum
913 1952 1068 2025 haberent;
1084 1953 1177 2012 altera
1186 1953 1265 2026 quod
1279 1950 1390 2025 christi,

210 2048 269 2131 ‘qui
282 2074 369 2117 verus
385 2064 448 2118 erat
462 2062 492 2117 et
506 2063 550 2118 est
564 2057 700 2131 Messias,
724 2058 856 2118 dominns
880 2063 911 2116 et
928 2074 982 2117 rex
1001 2055 1106 2117 inferni
1119 2054 1222 2116 mortis
1236 2061 1266 2116 et
1281 2053 1392 2116 diaboli

218 2178 272 2235 pro
287 2163 369 2222 nobis
385 2163 503 2237 devicti,
526 2179 647 2237 regnum
661 2167 808 2223 terrenum
823 2152 1014 2236 quaesierunt,
1040 2168 1070 2222 et
1083 2162 1131 2221 hio
1144 2154 1245 2222 nostre
1258 2168 1392 2234 tempora

218 2266 255 2325 sd
269 2268 418 2341 preterita
432 2267 598 2327 ludaeorum
614 2268 742 2327 contulit.
775 2266 1012 2342 Conquerehatnr
1027 2282 1141 2340 quoque
1155 2271 1271 2326 nosnos
1284 2265 1388 2324 aduer-

217 2372 309 2431 sarios
332 2387 417 2444 quam
437 2373 602 2445 longissime
623 2371 953 2432 aThessalcnicensium
974 2373 1103 2445 exemplo
1126 2372 1237 2443 abesse,
1261 2386 1325 2428 cum
1338 2368 1390 2427 isti

218 2477 255 2549 vi,
271 2491 335 2549 qnae
344 2476 414 2550 ipsis
424 2477 524 2550 pulcra
534 2476 677 2549 videntur,
694 2474 777 2535 nobis
786 2475 942 2537 obtrudere
951 2481 1093 2552 satagunt.
1119 2469 1390 2537 Thessalonicenses
1496 2511 1497 2528 t

217 2595 293 2641 uero·
309 2580 469 2641 scrutandis
485 2581 651 2655 scripturis,
675 2595 713 2641 sn
728 2581 790 2640 haec
804 2583 847 2642 ita
860 2598 892 2642 se
906 2581 1062 2658 haherent,
1086 2598 1185 2657 quaes
1206 2578 1390 2656 praeconibus
1496 2668 1498 2673 ι

217 2685 346 2746 tentatis
361 2688 544 2762 audiverant,
569 2687 684 2748 veritati
699 2687 875 2751 assenserint
897 2693 950 2750 eto.
996 2689 1058 2748 Neo
1082 2689 1187 2749 oblitus
1202 2686 1257 2747 fnit
1274 2691 1335 2746 tum
1357 2691 1391 2744 et
1496 2686 1498 2691 “

216 2792 364 2853 honestam
374 2793 546 2854 mentionem
561 2797 591 2852 et
605 2791 729 2853 debitam
739 2793 974 2854 intercessionem
988 2809 1041 2867 pro
1051 2793 1258 2868 modosissimo
1273 2793 1390 2856 Joanne

219 2897 344 2968 electore
360 2902 414 2956 etc.
430 2895 534 2958 iecere.
870 2906 873 2911 '

306 3001 382 3060 Dein
397 3007 510 3076 sumpto
528 3000 674 3074 jentaculo
691 3000 914 3076 &samberrem
935 3002 1078 3065 tendimns
1092 3003 1147 3062 suh
1162 3000 1318 3062 secundum
1333 3015 1388 3074 pc·

217 3106 406 3168 meridianam
420 3123 454 3167 ec
469 3107 678 3181 pervenientes.
717 3104 858 3180 Georgius
873 3122 893 3164 s
906 3106 1037 3168 Horstall
1054 3107 1219 3182 capitaneus
1238 3108 1316 3168 arcis
1329 3120 1391 3165 nen

153 3261 158 3266 .
218 3211 328 3273 aderat.
969 3265 974 3272 ,
1206 3265 1208 3275 .

307 3318 452 3393 comperti
470 3334 566 3378 sumus
581 3316 721 3406 Jodocum
742 3317 891 3381 Schonhar
906 3317 1133 3379 Ocrbachiannm
1152 3319 1269 3392 nuptias
1289 3318 1320 3376 in
1334 3331 1389 3378 no·

218 3430 279 3484 stro
305 3424 429 3499 hospitio
453 3425 587 3484 habuisse
616 3439 651 3482 ac
678 3423 795 3485 viduam
821 3425 994 3484 mercatoris.
1021 3423 1128 3488 ibidem
1153 3425 1185 3482 in
1211 3420 1390 3496 Oreutaberg

220 3528 342 3588 duxisse.
380 3529 440 3602 Ipsi
454 3545 567 3602 quoqne
581 3528 658 3587 hunc
674 3529 819 3590 huminem
833 3534 864 3590 et
877 3527 998 3588 vidimus
1017 3533 1048 3588 et
1067 3529 1206 3590 nonnulla
1220 3527 1308 3588 abeo
1321 3527 1392 3586 emi·-

217 3649 290 3692 mus.

159 3819 161 3822 Ι
305 3734 333 3794 Α
347 3752 430 3796 amne
444 3738 475 3795 in
487 3737 587 3806 *homos
602 3753 668 3798 snos
677 3738 790 3822 Werrce
803 3737 914 3798 flumini
928 3735 1095 3811 adjacentes
1109 3741 1140 3796 et
1154 3737 1259 3798 vineds
1271 3734 1385 3797 arbori-

112 3827 114 3834 '
217 3840 270 3900 hus
284 3841 352 3901 mali
367 3845 396 3902 et
410 3843 502 3902 cerasi
524 3843 650 3928 nudique
672 3844 797 3903 consitos
819 3842 924 3916 hospes
943 3857 1062 3902 uxorem
1084 3847 1214 3902 nostram
1228 3848 1257 3903 et
1271 3859 1325 3904 nos
1340 3857 1388 3901 ce·

216 3951 295 4008 teras
310 3947 437 4008 deduxit.
545 3981 548 3986 -
865 4004 867 4007 .
1044 4010 1046 4015 ,
1122 3933 1126 3936 ’

305 4055 401 4113 Urnas
431 4059 503 4116 vcote
539 4069 680 4114 mensurus
712 4051 963 4126 Oreutzhergensis
999 4067 1065 4111 cum
1098 4066 1167 4112 uasa
1197 4052 1274 4126 eJus,
1311 4047 1391 4125 qnod

217 4155 260 4214 illi
282 4158 416 4232 provenit
433 4159 507 4233 vini,
538 4176 592 4234 pro
622 4172 725 4220 nouem
747 4157 868 4216 thaleris
890 4146 985 4216 minus
1004 4155 1175 4231 'quindecim
1199 4155 1291 4218 battis
1317 4155 1389 4216 emi·

217 4275 290 4319 mus.

307 4363 453 4440 Hospitati
471 4363 574 4426 inimus
594 4365 795 4442 Crentzbergae
817 4365 895 4441 apud
914 4367 1061 4448 consulem
1070 4367 1230 4441 loannem,
1242 4363 1391 4426 hominem

217 4467 302 4546 hugi,
318 4472 446 4545 quicum
460 4487 550 4536 mere
565 4471 694 4534 omnibus
709 4470 976 4536 comburereris
