3017 5225
718 389 720 393 ’
762 394 806 463 bd

195 598 260 659 qua
281 581 317 643 do
337 582 423 641 uinea
443 578 571 655 loquitur
594 584 648 641 etc.
685 578 770 655 llam,
793 580 896 655 iuquit,
916 580 947 639 hi
960 577 1284 663 sermoneaparabolici
1297 581 1370 641 ima·

190 689 273 772 gines
296 692 364 747 sunt
386 690 415 747 et
437 687 599 769 simulacra.
637 684 829 759 Quamobrem
851 685 876 745 si
896 686 1067 760 imaginibus
1090 686 1256 760 delectaris,
1275 703 1387 761 quare.
1501 673 1502 720 ³

152 826 155 833 =
192 809 250 854 non
266 805 330 852 cum
346 809 416 853 oues
430 792 529 853 videas
544 790 598 852 tibi
612 792 643 851 in
656 796 786 851 mentem
796 793 888 851 uenit:
914 790 993 851 «Nos
1014 808 1082 852 oues
1102 808 1215 867 sumus,
1238 790 1372 851 Christus

194 897 244 959 ille
257 915 343 959 verus
357 896 467 973 pastor,
492 899 542 971 qui
552 896 664 961 ,ovibus
675 898 726 957 dat
739 897 885 973 pabulum,
908 914 962 973 pro
978 898 1019 957 eis
1035 899 1159 960 animam
1181 914 1262 959 suam
1276 897 1374 978 posuit

194 1010 225 1068 et
244 1003 339 1065 adhue
358 998 443 1065 bodie
464 1021 518 1079 pro
538 1004 608 1078 ipsis
630 1003 770 1063 sollicitus
791 1009 866 1063 est«
898 1004 985 1078 Item,
996 1019 1062 1062 curn
1074 1004 1180 1062 ostium
1199 1002 1300 1063 domus
1313 1008 1373 1062 tue

194 1111 365 1187 ingrederis,
389 1126 441 1170 cur
462 1110 528 1169 non‘
543 1110 664 1185 cogitas,
694 1106 848 1177 «Christus
864 1125 964 1168 verum
984 1115 1029 1169 est
1047 1109 1166 1183 ostium,
1189 1125 1243 1183 per
1255 1107 1329 1169 illud
1339 1113 1373 1189 te

195 1216 305 1277 intrare
315 1221 448 1290 oportet«
460 1219 514 1275 ete.
538 1214 620 1287 Item,
638 1214 798 1273 eumuitem
813 1214 962 1289 conspicis,
973 1215 1042 1288 quin
1053 1216 1177 1275 mentem
1189 1220 1268 1275 tuam
1280 1212 1371 1272 subit:

199 1318 349 1381 «Christus
365 1336 434 1379 vera
450 1324 494 1380 est
507 1318 593 1380 vitis?
624 1318 711 1379 Faxit
725 1318 820 1394 Deus,
841 1324 874 1378 ut
888 1320 944 1393 ipsi
958 1320 1012 1379 sim
1027 1318 1136 1393 palmes
1150 1318 1275 1378 ductum
1290 1320 1321 1379 in
1337 1319 1372 1378 eo

194 1422 292 1486 ferens
308 1428 382 1487 etin
396 1426 455 1513 uite
469 1442 671 1500 permanens«
698 1424 744 1485 Sic
755 1430 785 1484 et
796 1424 927 1484 similiter
943 1423 979 1483 de
991 1423 1065 1484 aliis.
1089 1424 1121 1484 Si
1133 1424 1208 1493 enim
1220 1430 1271 1483 aut
1282 1424 1372 1507 serip-

193 1530 241 1605 tis,
264 1536 316 1591 aut
329 1532 448 1605 sculptis
463 1530 510 1589 uel
523 1530 657 1603 penicillo
674 1530 799 1591 exaratis
819 1530 978 1589 simulacris
998 1530 1093 1591 animo
1107 1530 1226 1605 gaudes,
1240 1528 1295 1589 -fac
1308 1516 1373 1589 haec

194 1636 327 1709 loquacia
342 1636 501 1709 simulacra,
526 1651 591 1707 quae
606 1635 659 1695 tibi
673 1636 812 1696 salutaria
827 1642 941 1719 etuera
956 1640 1174 1712 representant,
1194 1634 1372 1694 consideres.

194 1736 266 1801 Post
279 1740 341 1801 haee
353 1736 587 1813 iucundissimam
606 1738 733 1801 reddidit
752 1743 905 1817 rationem,
929 1758 981 1801 cur
1002 1739 1133 1801 Christus
1151 1756 1185 1799 ιι
1204 1739 1297 1814 ipsum
1311 1756 1372 1800 non

195 1830 292 1922 ιιιιο,
316 1847 445 1921 quercui,
470 1846 568 1923 abieti,
590 1845 657 1922 fago
673 1854 724 1907 aut
739 1847 770 1907 id
784 1863 874 1922 genus
890 1847 1026 1908 arborum
1045 1847 1227 1921 compararit,
1251 1845 1305 1906 sed
1313 1833 1371 1920 ‘po‘-

161 1932 165 1939 ’
195 1954 252 2017 uns
272 1954 338 2027 viti,
362 1952 440 2027 ligno
460 1970 520 2013 non
538 1968 649 2029 magnae
671 1954 877 2029 aestimationis,
902 1956 925 2013 si
945 1953 1085 2028 surculos,
1108 1954 1242 2029 palmites
1264 1953 1312 2012 uel
1325 1969 1372 2012 ar·

82 2048 85 2053 ⁶
191 2058 294 2121 ‘bonam
309 2039 471 2119 intuearis
495 2059 558 2135 Ast,
581 2060 631 2134 ait,
653 2059 708 2119 hoc
727 2076 820 2135 genus
841 2060 913 2134 ligni
933 2058 1047 2121 Christo
1069 2059 1216 2135 aptissime
1237 2056 1371 2134 quadrat.

194 2144 269 2225 Nam
290 2170 323 2226 ut
341 2166 408 2225 uitis
429 2165 539 2241 lignum
559 2169 589 2224 et
607 2164 736 2240 mundes,
759 2167 790 2223 ni
804 2164 929 2223 fructum
944 2166 1078 2245 estimes,
1094 2144 1316 2239 contemptibile,
1338 2170 1374 2223 ιιι

185 2271 369 2353 inspeciem
387 2271 510 2343 ridetur,
535 2275 588 2343 est,
610 2270 651 2328 ita
672 2256 802 2337 Christus
824 2270 954 2355 dominus
977 2270 1045 2329 dum
1058 2272 1089 2330 in
1103 2277 1183 2341 terra
1196 2255 1372 2343 uersaretur,

195 2376 370 2449 contemptui
388 2374 503 2435 habitus
518 2381 570 2449 est,
587 2378 616 2432 et
633 2356 738 2434 nullius
752 2378 865 2435 numeri
877 2378 961 2452 juxta
975 2392 1092 2436 carnem
1101 2375 1215 2458 ,ludaeis
1230 2374 1328 2451 fiebat,
1344 2380 1375 2435 ιι

195 2493 233 2539 ex
247 2479 347 2565 humili
360 2484 453 2539 matre
467 2480 578 2553 virgine
592 2462 688 2541 Maria
703 2480 783 2557 (licet
797 2482 886 2556 stirpe
900 2479 1090 2559 regia)‘nasci
1103 2483 1203 2557 uoluit,
1223 2487 1257 2541 ut
1269 2482 1374 2571 Esaias

197 2584 279 2659 dicit,
303 2586 376 2645 sieut
395 2586 551 2668 virgultum
574 2584 709 2666 deterre
732 2588 816 2672 arida
830 2603 1012 2672 excrescens,
1041 2587 1210 2664 unqueqri
1228 2588 1372 2651 dicerent:

195 2689 343 2766 Numquid
356 2690 430 2752 fabri
444 2691 520 2753 filius
535 2700 579 2754 est
593 2693 669 2754 iste?
698 2695 812 2770 Nonne,
824 2711 877 2754 nos
895 2700 1008 2769 patrem
1029 2700 1058 2754 et
1078 2701 1199 2755 matrem
1215 2696 1277 2770 ejus
1291 2693 1371 2774 nori·

132 2877 134 2881 y
164 2832 167 2839 -
195 2795 279 2858 mus?
309 2797 392 2859 Unde
407 2798 454 2858 hie
474 2799 529 2858 scit
542 2798 663 2860 literas?
679 2805 732 2860 etc.
771 2801 849 2860 Num
874 2817 892 2860 a
913 2798 1033 2859 Galilaea
1053 2799 1228 2874 quidboni?
1249 2805 1302 2860 etc.
1333 2799 1373 2858 Et

194 2901 326 2980 Christus
346 2905 421 2979 ipse,
443 2903 551 2978 inquit,
576 2905 684 2978 gratim
707 2903 844 2990 egotibi,
868 2910 962 2980 pater,
986 2904 1064 2980 quod
1084 2906 1259 2966 abscondisti
1277 2904 1373 2964 bacca

195 3007 371 3082 sapientibus
393 3014 422 3068 et
441 3006 684 3084 prudentibuset
705 3026 740 3070 ea
762 3011 890 3085 parvulis
912 3000 1058 3071 revelasti.
1094 3011 1135 3071 Et
1155 3011 1276 3072 Paulus:
1304 3007 1372 3076 Non

195 3112 277 3173 multi
298 3112 445 3189 potentes,
469 3131 527 3175 non
548 3115 631 3174 multi
653 3103 797 3190 sapientes
819 3114 975 3176 secundum
993 3132 1113 3176 earnem
1135 3121 1189 3176 etc.
1231 3115 1282 3175 Sin
1302 3130 1372 3174 vero

195 3217 285 3296 probe
307 3225 337 3280 et
358 3220 396 3281 ad
417 3220 552 3282 amussim
573 3237 636 3282 rem
658 3205 886 3296 comedamus,
911 3212 1042 3282 Christus
1064 3238 1135 3282 uera
1156 3221 1208 3280 illa
1228 3219 1294 3296 vitis
1317 3224 1371 3294 cst,

195 3340 259 3402 quae
281 3323 553 3394 dulcissimum'fert
572 3325 719 3409 fructum,
735 3323 859 3388 fructum
880 3328 1013 3403 spiritus,
1036 3309 1165 3388 fructum
1179 3308 1270 3387 omnia
1292 3325 1371 3398 boni,

193 3427 317 3491 buotum
330 3429 407 3507 fidei,
421 3419 495 3508 spei,
511 3432 660 3494 charitatis
676 3443 711 3494 ac
727 3434 841 3494 demum
855 3432 981 3494 fructum
995 3436 1062 3495 vita
1078 3418 1228 3499 acssalutis
1243 3437 1371 3491 aeternae.

193 3535 310 3626 Putrem
329 3543 425 3597 autem
436 3539 525 3598 miro·
537 3521 681 3599 schemate
701 3539 854 3600 vinitorem
873 3528 933 3600 si've
953 3517 1107 3615 agricolam
1127 3543 1226 3613 uocat,
1249 3537 1291 3598 illi
1313 3552 1373 3596 om·

194 3653 259 3705 nem
275 3641 415 3701 honorem
434 3643 572 3703 tribuens.
603 3641 650 3720 ,Et
670 3643 800 3718 quando,
824 3646 930 3720 inquit,
953 3653 1037 3719 pater
1056 3645 1131 3705 banc
1151 3643 1237 3704 uitem
1256 3641 1371 3717 planta-

192 3744 254 3806 vit?
285 3746 369 3822 Tum,
390 3763 453 3808 cum
472 3748 590 3807 verbum
608 3764 677 3834 caro
692 3745 802 3831 factum
818 3754 871 3825 est,
896 3750 926 3808 in
941 3748 999 3810 fine
1014 3757 1182 3824 temporum
1212 3748 1287 3815 Vitis
1301 3764 1372 3808 vero

193 3851 405 3913 similitudinem
427 3853 576 3928 seripturis
599 3855 688 3914 sacris
709 3851 878 3916 familiarem
900 3872 976 3932 esse,
996 3853 1206 3931 'en'propbetis
1227 3855 1319 3918 Esaia
1343 3859 1374 3913 ιι

192 3956 320 4019 Jeremia
334 3955 469 4033 ostendit,
494 3959 562 4018 item
583 3974 619 4018 ex
638 3939 749 4034 psalmo
772 3961 814 4020 80
838 3979 892 4036 per
906 3978 958 4022 sex
972 3961 1101 4038 integros
1116 3979 1229 4036 versus3
1251 3962 1373 4022 item-ex

179 4060 288 4124 ,verbis
304 4059 411 4122 Christi
425 4061 462 4122 de
476 4061 536 4122 filib
550 4045 675 4139 regis'et
689 4065 775 4126 vinea
789 4072 819 4127 ιι
838 4068 942 4142 iniquis
957 4069 1100 4142 agricolis.
1131 4069 1204 4128 Ibem
1218 4048 1282 4126 esse
1296 4082 1373 4144 prae-

191 4168 238 4228 ter
257 4169 439 4228 hanc-vitem
455 4167 599 4229 Christum
619 4172 697 4256 aliud
717 4172 912 4248 uitisgenns,
937 4172 1014 4249 qnod
1034 4174 1196 4234 labruscam
1218 4171 1265 4232 die
1286 4170 1374 4230 wilde

191 4271 375 4362 Weinreben
388 4289 531 4334 vocamm.
569 4273 720 4349 Ejusmodi
739 4284 807 4338 sunt
830 4279 922 4363 cultus
938 4281 1132 4354 ,excogitatitii
1152 4284 1182 4339 et
1201 4277 1373 4339 traditiones

192 4377 324 4455 hnmana
340 4397 375 4440 ex
389 4383 440 4442 viti
455 4389 525 4442 vera
539 4399 598 4442 non
615 4383 754 4468 deductae.
785 4375 903 4446 Patrem
923 4390 1019 4446 autem
1038 4386 1186 4459 palmites,
1204 4385 1256 4458 qni
1271 4385 1302 4471 in
1316 4383 1373 4442 hac
1435 4439 1441 4452 ,

190 4483 251 4544 'uita
264 4483 388 4546 huntam
404 4503 461 4548 non
475 4485 581 4584 ierunt,
605 4490 658 4550 sed
675 4491 861 4566 degenerant,
877 4496 1039 4569 amputare.
1069 4492 1190 4553 luteum
1203 4505 1254 4552 eos
1270 4489 1371 4564 edam,
