3017 5225
719 454 767 519 45

150 629 188 691 de
203 610 381 698 dissensione
395 618 564 693 iudaeorum
580 633 790 709 altercantium,
804 636 873 695 num
886 633 1019 703 dommac
1040 638 1071 698 in
1082 636 1230 698 Bethleem
1244 634 1323 699 (lali-

150 736 214 811 leae,
236 754 274 797 an
288 739 320 797 in
332 738 482 799 Bethleem
495 740 633 813 Ephrote
648 742 729 799 nasei
744 733 899 801 debuisset.
938 742 1021 818 Item,
1043 759 1134 817 quare
1147 744 1232 803 Jssns
1247 743 1325 829 hies·

150 842 211 901 sias
230 836 399 909 Nazarenum
420 848 538 923 vocatus
559 845 596 905 sit
619 849 649 904 et
667 844 743 903 unde
763 844 826 905 hac
846 849 990 909 sententie
1014 848 1172 922 desumpta.
1210 849 1325 909 Scilicet

150 946 320 1007 Nazarenus
339 946 504 1024 vocabitur,
529 966 593 1009 eum
610 952 695 1023 iuxta
714 949 743 1009 d.
764 936 972 1025 Hieronymum
993 955 1027 1013 ιι
1044 955 1130 1013 nullis
1151 954 1234 1015 libris
1255 972 1323 1029 pro·

149 1044 302 1137 phetarum
328 1046 500 1126 reperiatur.
542 1053 648 1115 Aiebat
671 1060 767 1115 ιιιιιι
789 1058 820 1115 ιι
842 1057 916 1118 libro
934 1058 1068 1119 lodicum
1094 1073 1157 1133 cap.
1179 1061 1228 1119 xvi
1242 1061 1322 1121 inve·

148 1158 217 1231 miri,
233 1138 333 1231 nempe
349 1158 385 1218 de
401 1159 554 1235 Samsone,
576 1146 625 1234 qui
644 1148 739 1223 fuerat
753 1158 847 1235 figura
866 1163 1028 1224 salvatoris.
1064 1163 1141 1222 Nom
1154 1169 1188 1222 ut
1202 1164 1324 1225 Samson

148 1262 253 1335 plnres,
271 1264 396 1324 moriens
415 1262 559 1323 interfecit
581 1277 667 1351 qoam
687 1266 801 1341 vivens,
822 1266 864 1327 sic
878 1266 1009 1329 christine
1031 1284 1116 1333 verus
1128 1269 1218 1330 heros
1231 1275 1324 1331 morte

148 1384 203 1427 sua
218 1367 378 1447 diabolum,
396 1366 541 1439 infernum
555 1370 736 1451 otmundum
751 1371 864 1434 devicit.
902 1373 978 1433 Huic
987 1372 1062 1448 'ergo
1081 1376 1208 1449 glorioso
1221 1375 1322 1433 trium·

146 1455 273 1548 phetori,
283 1474 407 1547 quisunt
414 1478 560 1547 nunquam
570 1475 688 1536 derelict
687 1484 819 1553 orasset,
832 1468 1056 1540 summafidncia
1068 1478 1216 1539 adhaerere
1225 1480 1320 1553 jussit.

148 1572 234 1650 Quod
247 1579 331 1640 nobis
351 1580 481 1641 omnibus
499 1579 575 1639 idem
596 1580 738 1655 benignus
759 1582 904 1661 dominus,
926 1585 973 1644 cui
991 1599 1056 1672 cum
1075 1588 1158 1658 patre
1177 1590 1208 1647 et
1220 1558 1329 1684 saincte¹

147 1684 275 1756 spiritu
266 1703 297 1744 m
312 1687 486 1770 sempiterna
501 1686 538 1746 sit
551 1686 654 1761 gloria,
671 1686 766 1747 donet.
790 1688 893 1750 Amen.
1012 1688 1016 1695 '
1226 1706 1233 1711 ·

237 1790 340 1849 Statim
357 1808 375 1849 a
389 1792 524 1851 concione
538 1792 712 1864 praedicator
726 1794 772 1853 his
787 1796 836 1868 qui
851 1811 941 1855 sacrae
957 1796 1073 1869 synaxis
1087 1793 1242 1868 participes
1256 1791 1320 1853 fieri

146 1891 297 1970 volebant,
322 1898 486 1969 paraenesin
505 1896 768 1974 christianissimam
791 1898 930 1975 adhibuit,
946 1902 1107 1975 praelegens
1120 1903 1320 1973 argumentum

146 2000 325 2061 exemoliosis
343 1998 355 2035 ¹
370 2002 491 2075 publice.
530 2003 640 2062 iubens
655 2003 799 2076 praecipue
806 2002 899 2062 Deum
914 2009 1042 2079 orarent,
1058 2008 1091 2062 nt
1104 2003 1224 2063 verbum
1237 2019 1319 2061 sunm

144 2106 229 2171 mobis
245 2106 351 2167 diutius
366 2096 514 2181 impartire
529 2094 707 2181 dignaretur.
725 2106 917 2167 'Gseremouiae
932 2114 1028 2169 autem
1041 2107 1088 2166 hae
1102 2101 1164 2168 iere
1178 2107 1327 2181 inninga--

145 2216 231 2286 staua
246 2213 374 2285 ecclesia,
390 2206 439 2273 ubi
454 2215 577 2287 populus
598 2213 636 2273 ad
658 2214 825 2273 sumendam
839 2214 1043 2296 cucharistiam
1058 2212 1183 2285 secema-
1200 2226 1317 2271 scrvan·
1349 2272 1356 2291 ,

143 2322 204 2376 tur.
228 2317 263 2377 In
276 2318 375 2393 templi
391 2320 479 2379 choro
493 2318 640 2377 Minorum
655 2320 747 2379 altare
763 2334 898 2393 magnum
912 2324 970 2394 est,
993 2308 1066 2379 ante
1075 2316 1153 2391 qnod
1166 2316 1261 2391 posita
1274 2321 1320 2378 est

143 2436 245 2481 meme
259 2437 323 2481 enm
346 2422 431 2482 altari
445 2412 692 2504 ve'etibus'lipneis
707 2424 834 2497 occlusa,
857 2424 913 2499 ita,
935 2430 969 2483 nt
986 2424 1040 2483 soli
1061 2422 1227 2483 sacerdotes
1240 2422 1319 2483 intra

141 2528 216 2601 illud
230 2528 386 2601 spaciolum
401 2532 505 2602 astent,
527 2533 556 2587 et
570 2514 755 2602 posteaquam
771 2529 852 2602 plebs
874 2531 1023 2604 utriusque
1042 2546 1128 2591 senus
1148 2529 1250 2590 ordine
1264 2544 1317 2589 suo

142 2640 203 2721 stat
216 2636 263 2695 vel
277 2635 448 2710 consederit,
464 2636 605 2709 parochus
619 2637 759 2696 'nonnulla
778 2636 854 2695 hunc
871 2642 967 2696 ιιιιιι
989 2635 1316 2710 conmanentia'garme·

142 2741 209 2802 nico
224 2722 360 2800 idiomate
374 2741 453 2815 legit,
465 2741 553 2802 uerba
568 2726 790 2801 consecrationis
805 2736 955 2814 proferens
971 2745 1076 2800 etmox
1089 2740 1213 2799 ministri
1228 2742 1317 2801 ecole-
1335 2730 1339 2736 ’

142 2846 204 2920 siae,
219 2843 294 2904 sanie
308 2846 346 2905 ad
360 2837 604 2932 populum've'rsa,
621 2841 722 2940 panem
738 2852 768 2906 et
782 2847 900 2906 calicem
914 2847 945 2904 in
959 2863 1061 2908 manus
1075 2850 1190 2907 sumunt
1203 2860 1314 2907 recum·

144 2951 246 3036 bentes
262 2951 299 3010 ad
315 2952 454 3010 cancellos
470 2951 578 3026 atrioli,
601 2953 643 3012 ita
663 2957 696 3012 ut
710 2951 748 3010 ad
758 2953 864 3012 lavam
884 2942 1124 3012 altarisioeminse
1145 2951 1316 3025 accipientes

141 3041 300 3130 utramque
310 3057 433 3130 speciem
449 3056 595 3132 accedent,
605 3058 642 3118 ad
657 3057 787 3117 dextram
801 3057 855 3118 viri
864 3063 936 3131 eta,
953 3072 988 3117 eo
1002 3064 1099 3118 ιιιιιιι
1113 3051 1215 3144 ordiam
1229 3052 1316 3130 atque

142 3148 178 3220 ea
194 3157 336 3236 decentia,
347 3157 387 3222 xne
402 3163 448 3221 vel
462 3141 518 3221 viri
532 3163 675 3237 mallardo,
691 3163 737 3222 vel
751 3163 887 3240 mulieres
902 3163 978 3221 uiros
997 3163 1028 3221 in
1048 3178 1164 3222 noceam
1178 3165 1315 3222 intertur-
1368 3145 1371 3151 ¹

140 3267 226 3327 hant:
245 3249 382 3328 Liberum
397 3261 520 3342 quoque
533 3273 577 3352 est
590 3268 740 3342 utriusque
755 3267 1031 3340 sexus‘hominibus,
1054 3268 1079 3325 si
1100 3268 1164 3341 quis
1174 3283 1283 3340 panem
1298 3283 1315 3326 e

140 3357 272 3432 manibus
288 3370 469 3456 sacerdotum
484 3374 529 3432 vel
544 3374 604 3432 suis
618 3373 743 3448 propriis
759 3372 803 3431 ori
818 3380 871 3432 sno
885 3364 1038 3431 admouere
1052 3365 1129 3444 v'elit,
1151 3371 1226 3432 idem
1241 3388 1312 3444 quo·

140 3493 196 3552 que
212 3475 248 3537 de
263 3479 360 3537 ιιιιιι.
383 3479 459 3538 Dum
474 3478 537 3536 haec
550 3476 633 3552 fiunt,
635 3468 840 3537 eeclesiaDeo
854 3476 1108 3544 laudesdecantat
1132 3476 1203 3536 Post
1216 3468 1312 3548 snmp

137 3583 248 3645 tionem
270 3567 516 3670 sacramentorum
528 3570 634 3647 rursus
655 3599 708 3657 per
723 3583 903 3643 sacerdotem
915 3581 1130 3669 fitadmonitio
1163 3581 1320 3696 Leguntnr-

139 3703 242 3761 preces
257 3703 347 3747 sacrae
363 3694 393 3747 et
407 3689 448 3748 sic
463 3661 587 3748 eeclesia
599 3688 751 3748 dimittitur
1314 3747 1321 3751 .

229 3792 387 3854 Dicebatur
401 3789 546 3854 eademOt
546 3733 808 3883 thoBerohenfeldt
820 3792 981 3854 advenisse
1010 3793 1121 3854 Eadem
1137 3793 1229 3866 major
1242 3806 1313 3866 pars

136 3897 273 3990 famulitii
288 3900 379 3958 nostri
395 3899 482 3973 regiae
498 3903 527 3958 et
541 3913 673 3958 caesareae
689 3897 783 3959 misse
798 3898 945 3972 spectandi
959 3915 1028 3982 ergo
1043 3897 1173 3960 annea

215 3981 292 4063 Ad
294 4005 409 4064 tertiam
434 3997 660 4087 pomeridianam
683 4000 720 4063 D.
743 4004 892 4063 Masculus
914 4009 1106 4078 prosequutus
1135 4008 1180 4062 est
1201 4007 1312 4062 ιιιιιιιι

136 4109 262 4169 Joannis
277 4109 348 4184 xiiij,
369 4109 477 4190 scilicet
498 4108 559 4166 haee
581 4109 684 4192 uerba:
708 4106 814 4168 Pacem
833 4108 965 4181 relinquo
987 4103 1077 4185 uobis,
1100 4123 1200 4182 paoem
1219 4122 1312 4166 meam

136 4195 175 4274 do
190 4205 287 4288 ιοιιι,
299 4231 357 4303 non
373 4215 455 4272 sicot
461 4212 583 4272 mundns
599 4213 658 4304 dat,
675 4229 738 4272 eam
754 4214 792 4273 do
806 4213 887 4274 vohis
902 4218 956 4272 etc
972 4207 1118 4288 exponens
1133 4214 1188 4285 ait,
1211 4226 1311 4284 pacem

136 4318 247 4378 Ohn'sti
262 4335 326 4431 esse
340 4334 438 4391 paoem
454 4335 479 4378 a
477 4323 578 4394 patre,
595 4334 696 4400 pacem
710 4334 775 4376 cnm
783 4308 878 4391 patre
899 4323 932 4381 et
942 4335 1040 4393 pacem
1056 4334 1142 4429 qnam
1157 4317 1233 4429 gerit
1246 4331 1311 4374 eum

719 4453 735 4490 ἰι

212 4547 224 4594 l
246 4540 440 4609 exomologesis
450 4538 598 4608 pubhote
590 4557 608 4592 ι.
628 4554 650 4590 e.
663 4532 784 4606 publicae
801 4537 983 4590 confessionis.
1010 4554 1013 4563 ·
1064 4549 1069 4554 ·
