3017 5225
760 442 804 509 14

282 626 393 687 Eadem
407 622 553 685 Adrianus
573 624 727 685 aZertzen
747 627 778 685 ct
791 638 887 684 comes
905 622 1066 703 allapsu,
1090 640 1164 701 quos
1183 624 1368 703 sperabamus

194 730 341 793 nobiscum
359 733 398 794 ed
416 731 527 800 consilii
545 730 639 791 locum
657 728 762 792 adduci
779 746 878 806 posse,
898 728 937 792 ad
956 730 1044 793 boras
1062 732 1175 807 aliquot
1194 733 1227 794 in
1244 733 1368 808 bospitio

194 853 252 897 non
268 843 335 898 sunt
347 838 466 914 reperti.

281 943 367 1003 Nota.
406 942 543 1003 Comitem
562 941 599 1001 de
613 941 727 1003 Nassau
746 956 801 1016 per
818 940 1006 1003 Melchiorem
1020 936 1133 1002 Linden
1152 942 1237 1004 nobis
1257 941 1366 1020 signiti-

192 1064 283 1122 cssse,
298 1048 353 1137 boc
368 1049 415 1110 die
430 1049 512 1110 nobis
526 1046 724 1108 Colonienscm
735 1046 807 1106 nihil
823 1047 1002 1107 obstiturum.
1024 1045 1080 1107 Ast
1092 1055 1159 1122 post
1171 1050 1367 1125 sesquiboram

193 1155 272 1229 quod
286 1156 476 1229 subscriptum
491 1160 549 1229 est,
565 1168 733 1229 responsum
747 1154 917 1228 accepimus.

280 1262 362 1321 Misit
379 1276 473 1321 comes
492 1276 510 1319 a
524 1260 639 1319 Nassau
653 1260 820 1334 magistrum
834 1259 1019 1320 erbelmnm
1038 1259 1082 1319 illi
1095 1274 1115 1319 a
1129 1262 1246 1322 seeretis
1261 1263 1300 1322 ad
1313 1262 1366 1321 bo·

192 1367 309 1441 spitium
324 1372 466 1439 nostran,
482 1371 515 1424 nt
528 1380 580 1424 suo
595 1366 710 1425 nomine
725 1365 808 1425 nobis
823 1364 974 1441 indicaret,
990 1364 1190 1427 (boloniensem
1204 1366 1315 1427 misisse
1329 1368 1368 1427 ed

191 1472 285 1545 ips'urn
300 1472 429 1531 comitem
444 1472 474 1529 in
489 1468 565 1528 sedes
580 1469 709 1543 magistri
723 1471 861 1529 teutonici
875 1470 1069 1531 consiliarium
1083 1460 1241 1546 quondan,
1261 1472 1367 1544 quiilli

192 1576 247 1635 hoc
261 1592 432 1651 responsum=
447 1592 500 1636 nos
520 1589 696 1635 concernens
711 1574 864 1635 attulisset.
903 1575 1045 1648 Quoniam
1058 1574 1146 1636 bodie
1162 1576 1301 1636 terminus
1318 1577 1366 1651 sit,

193 1680 392 1741 coloniensem
404 1680 570 1741 mandatum
585 1679 699 1753 quidem
713 1680 934 1756 producturum,
956 1681 1009 1742 sed
1023 1698 1075 1757 spe
1089 1682 1183 1742 solum
1195 1682 1366 1756 conmrdtoe,

192 1786 246 1847 hoe
261 1792 314 1861 est,
334 1786 359 1845 si
372 1802 419 1845 res
433 1802 487 1859 per
502 1788 634 1849 amicitias
649 1788 725 1847 dum
739 1788 815 1849 inter
829 1802 881 1847 nos
896 1788 1017 1864 aginon
1032 1794 1149 1863 queant,
1162 1789 1222 1861 juri
1236 1803 1288 1848 suo
1302 1804 1364 1847 ces-

192 1894 264 1953 sisse
278 1908 336 1952 non
349 1892 490 1967 videatur,
506 1894 550 1952 siu
566 1893 698 1968 componi
712 1899 827 1968 queant,
842 1908 875 1954 se
889 1896 1087 1955 executionem
1098 1892 1226 1955 mandati
1239 1909 1298 1955 non
1312 1908 1364 1969 pe·

191 1998 318 2059 titurum.
343 1997 367 2057 Ο
381 1998 560 2073 vulpeculam
576 2000 684 2058 vertice
699 1999 841 2074 glabram!
1342 2050 1346 2055 .

117 2092 123 2097 ’
279 2104 319 2163 Et
331 2102 394 2163 haec
409 2118 523 2177 quoque
538 2101 716 2163 boloniensis
731 2104 875 2165 sententia
893 2109 1004 2165 mutata
1019 2107 1076 2180 cst,
1096 2104 1236 2165 terminus
1250 2120 1366 2179 quoqne

151 2208 153 2213 ’
191 2211 392 2271 incrastinum
407 2213 578 2283 protractus.

279 2315 316 2374 D.
326 2314 463 2374 Nicolaus
473 2314 567 2373 Maier
583 2314 715 2388 syndicus
732 2319 899 2388 augustanus
911 2315 992 2374 urbis
1003 2314 1250 2375 commendatitias
1264 2314 1365 2375 literas

190 2421 272 2481 nobis
286 2420 453 2496 transmisit,
470 2435 542 2492 quas
557 2435 610 2493 pro
625 2436 712 2479 causa
727 2425 828 2478 nostra
842 2416 879 2479 ad
898 2417 1046 2479 doctorem
1054 2419 1195 2479 loannem
1204 2420 1365 2493 Murquard

161 2503 166 2512 ¹
190 2527 354 2600 scripserat,
370 2522 493 2584 offerens
513 2539 544 2583 se
559 2525 684 2585 crastino
699 2525 738 2584 ed
751 2524 853 2584 horam
866 2524 995 2599 quintam
1009 2521 1062 2583 nos
1076 2530 1291 2585 conuenturum.

280 2631 456 2692 coloniensis
475 2629 512 2706 (si
526 2629 664 2706 creditum)
679 2631 806 2692 crastino
821 2636 903 2692 sexta
916 2632 999 2692 nobis
1013 2631 1089 2691 bona
1103 2632 1295 2692 consulturus.

255 2732 256 2740 ’
280 2736 382 2812 sesqui
400 2735 526 2810 quinque
547 2742 669 2795 centena
688 2735 779 2796 millia
799 2743 861 2797 τῶν
880 2743 1037 2822 apuu-apos
1056 2737 1169 2798 Basaro
1190 2743 1221 2798 ct
1243 2737 1365 2798 antistiti

190 2843 398 2917 qulnquaginta
412 2842 470 2902 tria
484 2841 574 2900 millia
587 2840 704 2900 numtm
718 2839 881 2915 Augustani
894 2841 1066 2916 penderant.

279 2949 389 3008 Eadem
403 2947 523 3006 Albcrto
545 2945 702 3006 marchioni
720 2947 820 3006 literas
840 2946 948 3007 domini
967 2946 1004 3008 de
1018 2946 1192 3022 chneberg
1205 2963 1259 3021 per
1272 2946 1363 3007 loan-

190 3069 257 3114 nem
275 3053 473 3128 Milchlingum
494 3053 630 3112 misimus.
668 3051 705 3112 D.
721 3051 834 3139 Viglius
853 3051 1015 3112 Znichenus
1034 3053 1120 3114 etiam
1142 3064 1224 3113 suam
1245 3069 1364 3127 operam

191 3159 273 3220 uobis
288 3161 429 3236 promisit.
1217 3161 1219 3165 ’

278 3264 420 3325 Ernestus
431 3265 617 3340 Brunsuigise
633 3263 700 3339 dux,
717 3279 782 3324 cum
796 3280 871 3340 equo
885 3263 994 3341 gradus
1007 3264 1199 3326 conscendere
1213 3266 1362 3336 tentasset,

190 3387 274 3434 crure
288 3372 375 3433 laesus
390 3373 436 3432 hic
452 3371 604 3434 decumbit.

279 3479 297 3540 J
298 3474 390 3553 udioa,
407 3478 529 3554 domine,
546 3492 661 3537 causam
676 3480 811 3536 meamet
825 3475 864 3535 da
877 3474 947 3535 mibi
960 3476 992 3534 in
1004 3479 1129 3535 mentem
1143 3479 1174 3535 et
1187 3489 1220 3534 os
1235 3472 1304 3548 quid
1318 3474 1362 3533 lc·

190 3599 263 3656 quar
276 3598 373 3643 coram
389 3561 551 3657 gigantibus
566 3587 596 3642 et
609 3579 676 3641 filiis
691 3580 852 3642 hominnml
889 3582 935 3643 Ne
950 3581 1001 3640 des
1015 3583 1049 3665 in·
1065 3580 1253 3654 opprobrium
1272 3577 1361 3638 conil-
1426 3623 1440 3650 ,

189 3693 283 3748 tentes
297 3703 401 3746 nomen
411 3679 504 3748 tuumt
526 3677 650 3746 Domine
659 3687 678 3745 J
678 3701 738 3758 esu,
755 3685 805 3757 qui
819 3685 857 3746 ad
868 3691 981 3759 patrem
992 3684 1093 3744 abiens
1106 3690 1205 3745 sancte
1218 3685 1363 3760 pollicitus

190 3807 236 3865 es,
256 3796 286 3850 te
299 3789 369 3852 'tuos
389 3808 447 3852 non
465 3793 634 3852 relicturum
653 3790 812 3864 orphanos,
837 3789 912 3849 habe
933 3803 1032 3848 curam
1051 3788 1217 3850 reimerum
1237 3789 1314 3850 domi
1333 3793 1365 3848 ct

190 3897 259 3971 mei,
279 3901 398 3970 propter
412 3901 491 3956 tuam
505 3896 595 3969 ipsius
609 3894 775 3955 bonitatem.
829 3890 833 3896 “

278 4003 304 4062 Ε
319 4004 436 4078 regione
450 3987 590 4078 Augustae
603 4007 685 4061 trans
699 4001 809 4074 Lycum
823 3999 926 4059 uisitur
940 3998 1085 4074 Friburga
1099 3998 1132 4058 in
1144 3998 1279 4060 muana

277 4110 336 4183 avij
352 4108 469 4184 Aprilis.
492 4109 564 4169 Post
578 4109 706 4182 quintam
721 4105 759 4166 ad
773 4104 929 4181 hospitium
942 4111 1073 4166 nocuum
1085 4103 1361 4180 licentiatuslllaier,

190 4212 258 4274 olim
271 4215 504 4274 monasteriensis
527 4213 736 4287 cancellarius‚'
751 4212 801 4285 qui
815 4208 909 4285 pridie
926 4213 1025 4272 venne
1043 4227 1102 4272 non
1121 4213 1250 4293 poterat,
1273 4209 1361 4268 venit.

189 4319 236 4379 lie
256 4323 352 4378 autem
371 4334 460 4392 opera
479 4335 532 4378 sua
551 4319 633 4378 uobis
654 4316 755 4377 deesse
777 4317 938 4392 uideretur,
969 4333 1022 4391 per
1039 4317 1140 4378 literas
1159 4333 1213 4375 nos
1233 4314 1312 4389 apud
1332 4313 1360 4374 d.

189 4423 399 4497 Mcrquardum
414 4423 629 4484 commendavit.
667 4423 697 4481 Is
711 4423 801 4496 igitur
814 4421 940 4496 singula,
960 4438 1025 4496 quse
1039 4423 1078 4484 ad
1092 4437 1209 4482 causam
1218 4419 1361 4494 'facerent

190 4545 209 4596 u
222 4531 329 4591 nostris
345 4529 475 4607 edoctus,
493 4527 617 4592 fideliter
632 4527 781 4590 consilium
794 4515 974 4590 suumnobis
986 4527 1151 4604 impartitus
1163 4529 1218 4588 est.
1254 4526 1362 4590 lenm
