3017 5225
162 632 220 707 ipsi
233 630 346 692 libitum
360 629 471 706 fuerat,
495 632 576 705 cujus
589 631 633 694 rei
647 630 723 692 cives
743 630 847 707 opibus
865 632 1000 693 elatiores
1018 630 1087 720 tacti
1105 634 1223 708 pertesi
1236 630 1338 693 urbem

164 742 249 797 extra
263 738 356 811 prima
369 737 477 796 moenia
490 736 659 812 dilatarunt,
672 736 797 811 fossatis,
812 738 954 811 turribus,
971 737 1191 824 propugnaculis
1206 744 1237 798 et
1249 754 1335 814 agge·

165 842 246 902 ribus
262 842 471 904 obtundentes
485 857 520 901 ao
534 856 588 915 pro
602 857 654 901 suo
666 844 733 917 jure
749 842 865 902 eosdem
879 846 978 915 portas
992 846 1023 902 et
1035 842 1200 902 clauserunt
1213 850 1244 903 et
1257 858 1335 904 rese·

168 951 270 1007 rarunt
288 948 436 1008 hactenus.
474 947 559 1006 Nune
579 964 647 1006 vero
663 946 783 1006 Carolus
800 946 922 1022 Quintus
941 962 994 1019 per
1012 949 1214 1020 sesquiannum
1232 948 1338 1009 ibidem

99 1042 103 1048 ’
167 1054 335 1129 primarium
354 1053 414 1128 agit
433 1052 594 1126 consulem,
619 1054 668 1125 qui
682 1053 827 1127 magistris
846 1052 961 1127 vigilmn
976 1053 1116 1111 exercitus
1135 1054 1225 1126 ipsius
1243 1055 1337 1114 claves

165 1158 475 1233 portarumoommisit.
506 1142 553 1217 ¹Sic
568 1174 620 1218 sua
634 1156 789 1232 prudentie
803 1158 880 1217 cives
894 1159 1071 1231 episcopum,
1088 1156 1208 1217 Carolus
1222 1174 1275 1218 sua
1288 1174 1336 1219 so-

165 1263 252 1324 lertia
266 1279 301 1324 ao
315 1264 443 1337 potentia
458 1264 641 1337 Augustanos
657 1262 789 1323 occludit.

253 1368 427 1445 Augustanis
443 1385 520 1429 anno
536 1370 676 1445 superiori
693 1369 877 1432 Sebastianus
889 1366 1018 1428 Sobertel
1033 1373 1063 1427 et
1078 1367 1137 1427 dux
1152 1370 1294 1430 exercitus
1309 1375 1338 1429 et

163 1472 251 1533 rebus
272 1474 377 1534 urbicis
396 1472 566 1550 praefuerat,
590 1476 640 1549 qui
661 1490 725 1535 oum
739 1468 895 1549 adunando
915 1489 1012 1533 seeum
1024 1479 1189 1550 reputaret,
1214 1476 1336 1547 eosqui

164 1578 281 1639 Plutoni
295 1595 329 1639 ao
343 1579 477 1654 religioni
491 1579 676 1655 addictiores,
700 1586 732 1639 ut
747 1580 851 1639 multos
868 1579 957 1639 hebet
970 1580 1110 1654 Augusta,
1133 1580 1242 1638 scilieet
1256 1580 1335 1639 Wel·

162 1700 256 1761 ueros,
273 1685 431 1760 Fugperos,
447 1663 673 1759 Haehstetteros‚
690 1700 813 1758 quorum·
821 1689 918 1744 tamen
928 1683 1038 1744 familia
1050 1684 1089 1745 ad
1103 1686 1207 1758 stipem
1220 1684 1338 1745 redacta

166 1794 219 1864 est,
231 1788 467 1877 ‘Baumgarteros
484 1788 603 1849 Gosleos
619 1794 648 1849 et
662 1792 758 1850 nescio
774 1806 846 1864 quos
861 1790 1022 1850 Herbrotos
1029 1790 1194 1863 Aquilarios
1208 1796 1238 1849 et
1253 1791 1336 1864 quid·

164 1894 235 1968 quid
248 1894 333 1969 huius
349 1903 393 1965 est
407 1896 508 1960 iamnes
528 1895 617 1955 divite
636 1910 709 1969 gana
726 1895 871 1971 gaudem,
894 1912 946 1955 noe
965 1896 1073 1955 bellum
1090 1912 1142 1955 nec
1162 1895 1337 1955 obsidionem

162 2001 283 2075 laturos,
294 2006 391 2061 'secum
405 2002 506 2062 statuit
519 2002 641 2076 ipsemet
649 2001 694 2059 his
704 2001 751 2060 vel
765 2001 838 2060 urbe
852 2001 940 2074 pulsis
955 2001 1002 2060 val
1015 2001 1177 2075 suppressis
1192 2002 1337 2061 mutatem
1386 2031 1388 2034 ·

163 2122 313 2183 occupare,
330 2113 500 2182 experturus
514 2103 668 2167 fortunam.
707 2105 747 2165 At
761 2107 820 2179 vir,
835 2110 868 2164 ut
882 2110 927 2164 est
940 2106 1056 2165 heroico
1070 2106 1179 2179 animo,
1196 2108 1336 2165 bonorum
1392 2122 1396 2127 ’

163 2212 281 2273 oonsilio
297 2212 487 2285 subscribens,
502 2217 605 2287 postea
618 2217 728 2271 mutata
744 2212 888 2272 sententia
902 2211 1052 2286 perpensis
1066 2211 1163 2269 multis
1178 2213 1291 2271 senatui
1305 2218 1338 2271 ut

151 2334 195 2376 se
212 2317 244 2375 in
263 2316 385 2377 Caesaris
407 2317 585 2377 clementiam
605 2317 720 2392 darent,
744 2318 896 2392 persuasit.
935 2316 1063 2392 Optimus
1081 2316 1170 2376 beros
1189 2318 1336 2377 rarissimo

163 2421 294 2496 exemplo
309 2423 353 2482 sui
366 2424 494 2497 eorporis
509 2438 543 2481 ao
557 2420 724 2487 saeuorum
738 2423 865 2497 pericula
884 2422 965 2481 obire
979 2424 1103 2497 malens,
1127 2438 1213 2495 quam
1234 2423 1337 2483 civium
1459 2478 1465 2484 .

162 2542 279 2587 suorum
294 2529 462 2603 sanguinem
477 2544 530 2589 sua
548 2544 634 2589 cause
648 2525 731 2588 fundi
746 2534 776 2587 et
789 2528 862 2589 urbe
882 2533 912 2589 et
925 2529 1022 2603 patria
1035 2528 1130 2586 cessit.
1169 2527 1259 2603 Cujus
1276 2528 1338 2590 iata

164 2635 206 2694 dii
220 2633 386 2693 secundent.

253 2739 364 2800 Eadem
377 2745 494 2800 senatus
509 2740 624 2800 nomine
639 2740 705 2802 vino
720 2738 854 2799 honorati
869 2755 975 2800 sumus.

251 2845 371 2905 Domine
386 2845 480 2920 Deus,
506 2845 543 2905 da
563 2861 689 2906 amorem
709 2851 740 2905 et
757 2847 889 2907 timorem
910 2847 954 2906 tui
975 2851 1005 2907 et
1019 2845 1241 2918 misericorditer
1260 2850 1293 2910 ut
1306 2846 1338 2906 in

162 2951 270 3026 populo
285 2951 385 3026 beato,
402 2951 452 3024 qui
466 2951 521 3009 soit
531 2949 744 3026 jubilationem,
761 2952 939 3026 reperiamur
953 2950 1085 3011 concede.

252 3057 317 3130 xxij'
326 3055 435 3132 Aprilis
450 3055 527 3130 apud
545 3053 640 3116 divum
655 3056 824 3116 Mauritium
838 3058 963 3127 Musculi
982 3057 1147 3118 concionem
1161 3057 1262 3116 audire
1277 3062 1335 3117 sta·

163 3161 268 3222 tuimus
283 3163 360 3221 intra
375 3165 485 3222 sextam
501 3164 531 3220 et
545 3162 702 3234 septimum.
727 3161 816 3222 Mane
830 3164 918 3237 igitur
932 3164 987 3224 hod
1001 3163 1143 3236 templum,
1152 3151 1336 3235 frequentan-

162 3273 222 3341 tes‚
245 3267 297 3326 hos
312 3267 385 3326 ritus
400 3266 606 3327 ecclesiasticos
620 3267 666 3330 ,ibi
683 3266 832 3326 obseruari
848 3267 980 3327 vidimus.
1020 3267 1169 3327 semihora
1188 3271 1255 3325 ante
1269 3267 1335 3326 ulti-

162 3377 245 3430 mum·
254 3387 457 3447 campanarum
472 3372 585 3448 pulsum
599 3371 650 3432 ubi
664 3388 732 3445 pars
751 3373 848 3444 aliqm
863 3373 991 3431 ecclesias
1006 3372 1147 3444 convenit,
1162 3387 1220 3429 uno
1235 3373 1335 3443 preci·

162 3468 249 3537 nente
268 3479 381 3537 canitur
400 3477 527 3551 psalmus
549 3477 653 3549 aliquis
675 3477 706 3534 in
727 3481 856 3536 nostrum
877 3476 983 3537 idioma
1004 3478 1160 3536 translatus
1180 3491 1289 3534 summe
1308 3481 1338 3535 et

162 3582 305 3644 modestia
327 3586 356 3641 et
370 3580 530 3643 devotione.
568 3582 640 3642 Post
657 3580 775 3656 aliquod
795 3564 981 3642 interstitium
1001 3598 1101 3640 rursus
1116 3581 1190 3640 alter
1210 3571 1336 3663 quidam,

162 3686 240 3748 idem
253 3685 286 3747 fit
299 3691 365 3762 post
378 3703 488 3778 moram
502 3687 723 3762 longiusculam,
749 3687 840 3748 donee
855 3689 934 3762 justa
948 3689 1069 3748 ecclesia
1087 3686 1165 3748 adsit
1178 3692 1335 3761 etcampa·

154 3809 266 3854 ‚narum
286 3793 417 3853 ultimum
438 3794 554 3868 signum
574 3793 671 3854 datum
694 3794 740 3852 sit.
779 3793 833 3852 His
854 3795 979 3868 peractis
1000 3772 1152 3870 praelector
1173 3797 1338 3867 suggestum

162 3898 357 3958 conscendens
372 3899 504 3960 intonato
521 3898 616 3959 divino
631 3900 747 3958 numine
762 3899 832 3973 legit
847 3900 1043 3973 paregrepbos
1056 3900 1166 3973 aliquot
1180 3915 1216 3957 ex
1229 3897 1336 3957 Mattb.

161 4004 203 4078 xij
219 4003 323 4078 capite.
361 4003 473 4063 Deinde
495 4020 633 4065 summam
652 4003 720 4063 fidei
735 3996 843 4064 nostru
860 4021 896 4064 ex
915 4006 1011 4064 verbis
1026 4004 1133 4065 Christi
1146 4003 1335 4065 Josnniolll:

161 4109 234 4168 Hoec
248 4115 344 4168 autem
359 4115 403 4169 est
413 4110 545 4170 voluntas
560 4087 635 4184 ejus,
653 4110 702 4183 qui
715 4110 793 4168 misit
807 4125 863 4184 me,
884 4117 916 4169 ut
931 4111 1033 4184 omnis,
1043 4112 1098 4184 aqui
1111 4109 1190 4170 videt
1203 4107 1294 4170 filium
1307 4115 1338 4169 et

162 4213 254 4274 credit
268 4215 300 4273 in
314 4229 388 4289 eum,
404 4215 511 4276 habeat
525 4216 611 4276 vitam
626 4220 773 4288 eternam,
790 4220 820 4275 et
834 4231 888 4290 ego
901 4214 1045 4275 suscitabo
1060 4216 1169 4275 eumin
1183 4215 1337 4275 novissimo

163 4321 220 4394 die,
244 4325 295 4380 aut
308 4321 393 4379 simili
406 4321 503 4397 aliquo
519 4338 555 4381 ex
570 4323 658 4382 sacris
674 4321 824 4395 scripturis
835 4321 907 4380 loco.
940 4319 1054 4379 Deinde
1068 4320 1201 4380 hortatur
1215 4320 1253 4380 od
1268 4335 1335 4379 con-

162 4423 325 4500 fessionem,
341 4427 472 4502 prelegit
486 4426 607 4488 formam
622 4427 800 4502 potissimum
814 4427 1015 4499 continentem,
1032 4441 1118 4499 quam
1132 4425 1204 4484 nibil
1218 4423 1287 4484 boni
1300 4425 1338 4483 sit

163 4531 194 4590 in
209 4531 341 4608 homine,'
360 4547 445 4606 quam
460 4533 532 4594 nihil
546 4533 620 4594 ures
638 4536 745 4594 nostrte
760 4529 1069 4606 montanensem,
1089 4528 1260 4592 concludens
1273 4543 1338 4588 cum
