3017 5225
742 373 815 451 leo,

276 563 355 623 Nota
370 560 432 638 [de]
447 557 604 621 baronibus
619 556 657 616 de
671 555 786 615 Benren
801 559 831 614 et
845 553 1024 629 Patbergicis
1039 553 1140 616 vicinis
1154 553 1269 626 nodns,
1292 567 1363 626 qno·

188 685 252 726 rum
273 669 385 727 technae
404 669 465 742 jam
487 665 611 741 primum
633 659 688 721 snb
710 661 863 720 Octobrem
892 655 1013 720 detecte
1040 663 1116 718 sunt.
1163 658 1221 717 Sed
1247 657 1363 732 auspice

187 771 301 833 cbristo
317 769 542 832 devolvebantur
555 769 586 826 iu
602 783 666 826 earn
680 783 767 841 quam
781 767 863 826 nobis
878 768 1055 840 paraverunt
1069 762 1191 824 foveam.

276 878 371 938 Julius
390 877 450 952 illo,
474 875 520 935 cui
539 874 576 934 ab
595 879 695 932 aratro
715 889 819 932 nomeu
839 877 891 946 est,
915 870 1021 930 dicitur
1040 869 1150 945 etipse
1171 880 1306 928 exarasse
1320 866 1363 924 in·

188 984 282 1042 terim

196 1101 200 1107 ·
277 1086 438 1161 Augustani
457 1086 580 1160 vigesies
600 1089 725 1158 quatuor
746 1087 882 1143 centenos
904 1079 1028 1141 florenos
1052 1079 1229 1150 Perenottis,
1253 1074 1363 1135 Obern·

188 1192 296 1266 burger
310 1197 341 1251 et
354 1193 414 1251 suis
429 1189 544 1250 asseclis
559 1206 613 1265 pro
627 1191 733 1249 litteris
747 1185 954 1264 pacificetionis
975 1201 1038 1245 cnm
1053 1185 1167 1260 Caesare
1189 1182 1302 1246 dedisse
1321 1180 1364 1240 di·

190 1302 303 1357 cnntnr.
627 1293 639 1304 ”

268 1401 409 1467 ,lustinus
421 1397 563 1460 Goblerus
575 1404 606 1460 et
617 1398 718 1464 Jnsms
732 1397 875 1458 Homerus
888 1381 983 1472 legum
997 1391 1129 1456 demones
1143 1393 1245 1454 eadem
1262 1392 1300 1454 ad
1314 1408 1367 1452 nos

190 1507 302 1566 litteras
320 1506 437 1566 dedere.
1201 1491 1204 1496 ’
1252 1499 1255 1504 ’

277 1611 356 1669 Nota
370 1611 406 1670 de
425 1609 588 1673 rumoribus
610 1610 742 1684 pessimis
761 1607 797 1668 de
819 1607 969 1669 comitibus
990 1607 1066 1681 apud
1085 1609 1228 1665 nostrates
1249 1602 1366 1678 sparsis,

279 1715 374 1800 Dicta,
398 1733 463 1788 quae
478 1717 559 1777 nobis
574 1717 604 1774 in
619 1703 778 1775 Weimaria
792 1721 894 1774 contra
909 1711 1090 1773 Guntbsrnm
1099 1711 1241 1796 ..comitem
1259 1692 1368 1767 indicta

192 1825 271 1896 erat,
294 1819 417 1881 ulterius
432 1828 590 1897 prorogata
605 1826 659 1879 est.

283 1913 460 2014 Couseusnm
482 1929 576 2001 estin
595 1927 689 1986 sexies
709 1931 831 1985 centena
852 1924 943 1983 millia
962 1923 1106 1982 nummilm
1126 1922 1156 1980 in
1177 1936 1246 2002 nsns
1265 1915 1367 1978 Ferdi·

192 2031 281 2090 nandi
295 2032 373 2107 regis
387 2032 427 2092 ad
445 2033 617 2093 munitiones
637 2030 751 2091 mbinm
771 2032 802 2089 in
822 2027 982 2091 confinibus
1002 2029 1160 2090 Tuscorum
1181 2029 1210 2085 et
1229 2007 1263 2106 in
1274 2040 1369 2098 sump-

193 2141 241 2195 tus
256 2136 397 2214 belicos„
442 2155 446 2162 ·
937 2171 941 2182 ι
1205 2111 1209 2114 ’

279 2241 424 2302 Ernestus
440 2242 499 2302 dnn
513 2258 531 2301 a
547 2241 777 2315 Grobbenbagen
791 2255 923 2300 reversus
938 2239 1069 2300 dicitur..

278 2348 386 2420 erunii
401 2347 549 2406 Musculns
568 2345 725 2405 Dbnsanus
744 2346 900 2422 intemplo
918 2346 1051 2406 Mauritii
1071 2359 1170 2403 rursus
1190 2357 1226 2402 ex
1245 2330 1367 2413 capffld

192 2451 314 2510 loannis
336 2451 398 2509 baec
420 2443 509 2511 rerba
530 2452 601 2525 legit
623 2456 653 2531 et
675 2451 776 2510 eadem
800 2451 927 2510 ecclesiae
950 2451 1093 2510 inculcare
1116 2427 1217 2522 coepit,
1248 2445 1368 2508 scilicet:

197 2555 411 2620 «Haeclocutus
426 2572 489 2616 snm
503 2555 593 2632 vobis,
610 2562 643 2616 nt
656 2557 793 2636 gandium
807 2573 903 2619 meum
916 2557 947 2617 in
962 2557 1042 2617 vobis
1058 2558 1173 2617 maneat
1188 2558 1217 2613 et
1231 2550 1369 2634 gandium

193 2666 321 2723 oestrum
341 2662 514 2735 impleatur«
538 2668 592 2721 etc.
630 2663 686 2722 Hic
705 2665 829 2739 primum
850 2681 884 2723 ea
898 2664 929 2721 in
941 2641 1110 2722 memoriam
1125 2659 1279 2735 revocarit,
1304 2669 1369 2730 qnae

194 2767 368 2846 aprincipio
383 2768 484 2841 capitis
499 2784 517 2825 a
533 2766 647 2827 Christo
663 2767 739 2849 dicta
760 2773 835 2828 sunt.
871 2768 943 2827 ltem
964 2784 1021 2841 quo
1042 2769 1136 2827 animo
1158 2750 1288 2825 Christus
1308 2762 1371 2820 haec

196 2872 312 2931 dixerit.
349 2872 426 2946 Non,
447 2873 551 2947 inquit,
574 2873 648 2931 sicut
668 2859 722 2947 ego
745 2878 775 2932 et
789 2873 845 2932 mei
865 2873 970 2933 similes
991 2873 1088 2949 aliqua
1109 2875 1140 2931 in
1159 2870 1282 2930 medium
1303 2883 1370 2940 pro·

195 2974 324 3048 ferimus,
348 2976 455 3035 nullam
470 2990 587 3048 operam
603 2976 713 3050 dantes,
737 2982 829 3050 ntea,
853 2993 917 3052 quae
939 2978 1104 3053 audiuntur,
1128 2976 1166 3038 ad
1186 2992 1235 3035 cor
1255 2972 1372 3034 audien·

195 3082 267 3139 tium
282 3085 444 3154 penetrent,
468 3079 520 3139 sed
534 3079 617 3140 nobis
632 3082 698 3156 plus·
712 3083 783 3141 satis
799 3088 843 3143 est
857 3088 969 3143 tantum
986 3084 1092 3143 dixisse
1107 3088 1137 3142 et
1150 3088 1287 3155 tanquam
1302 3094 1370 3154 pen-

196 3201 259 3244 sum
273 3186 421 3246 alsolrisse
435 3190 489 3246 etc.
520 3171 561 3246 At
579 3186 694 3276 domino
714 3184 814 3246 nostro
833 3189 905 3248 Jesn
925 3188 1040 3249 cbristo
1062 3204 1125 3247 non.
1139 3183 1333 3247 salutaciebat
1348 3185 1373 3257 si

137 3296 146 3306 ⁴
196 3290 242 3350 vel
257 3292 345 3351 semel
363 3297 415 3351 ant
433 3292 477 3352 bis
497 3292 639 3352 allocutus
657 3291 745 3352 inanit
764 3275 927 3369 discipulos,
952 3278 1003 3353 sed
1023 3292 1143 3353 subinde
1163 3291 1266 3351 eadem
1283 3288 1371 3347 rumi-

198 3398 278 3457 navit
292 3403 322 3457 et
331 3397 392 3455 -illis
407 3397 578 3472 inculcabat,
603 3416 660 3472 qno
675 3400 786 3458 animos
800 3398 915 3476 illorum
931 3392 1081 3473 emolliret,
1097 3397 1258 3458 attraheret
1274 3398 1304 3453 et
1318 3394 1372 3454 sibi

196 3501 363 3562 devinciret.
394 3501 521 3560 Locutus
534 3507 581 3561 est
595 3508 690 3562 autem
705 3504 746 3562 eis
769 3480 993 3580 quomodofipse
1013 3506 1051 3563 sit
1069 3504 1136 3563 vitis
1155 3518 1232 3576 vera,
1256 3500 1298 3559 illi
1313 3500 1373 3573 pal·

197 3606 280 3663 mites
302 3611 357 3664 etc.
396 3587 469 3664 Item
494 3605 530 3665 de
551 3607 669 3678 palmite
691 3605 802 3667 ferente
824 3592 948 3668 fructum
971 3614 999 3669 et
1021 3624 1079 3668 nou
1100 3606 1224 3681 ferente,
1248 3607 1317 3663 item
1334 3587 1374 3664 'de

197 3708 347 3782 utriusque
366 3708 490 3781 palmitis
510 3707 640 3781 profectu
660 3702 878 3789 ncommods,
902 3715 978 3790 item„
992 3713 1028 3773 de
1048 3714 1174 3787 praemiis
1193 3708 1318 3771 ductum
1332 3708 1372 3769 ie·

197 3816 288 3873 rantis
295 3813 472 3889 etapraemiis
487 3818 643 3875 arescentis
660 3818 797 3893 palmitis,
819 3821 888 3878 item
911 3818 946 3878 de
967 3816 1119 3879 dilectione
1138 3817 1230 3893 patris
1248 3810 1374 3895 inlibri-

198 3924 273 3978 stum
288 3923 318 3977 et
333 3919 485 3980 dilectione
501 3920 607 3980 Christi
621 3923 652 3981 in
665 3924 753 3997 ipsos,
768 3940 821 3982 nec
836 3941 893 3983 non
910 3924 946 3983 de
961 3918 1114 3983 dilectione
1128 3923 1277 3995 reciproca
1290 3920 1374 3981 disei-

198 4025 332 4110 pnlorum
346 4041 416 4100 erga
431 4027 585 4101 dominnm,
610 4033 640 4087 et
659 4044 725 4100 qnae
740 4028 885 4087 utilitates
905 4029 988 4089 nobis
1009 4043 1044 4086 ex
1063 4027 1123 4098 bec,
1136 4027 1289 4087 dilectione
1310 4024 1375 4085 con·

197 4130 332 4223 degerint,¹
348 4131 629 4206 seilicetredemptio
645 4134 745 4193 salutis
762 4135 866 4193 etrite
881 4138 1000 4192 aeterua.
1030 4133 1146 4192 Monuit
1166 4137 1262 4191 antem
1277 4146 1375 4191 omnes

198 4234 382 4307 magistratus
397 4241 426 4295 et
439 4237 592 4312 principes,
616 4240 841 4312 concionatores,
865 4236 1095 4312 patresfamilias,
1120 4244 1312 4313 praeceptores
1328 4236 1375 4295 de·

100 4424 104 4430 .
199 4341 285 4422 nique
301 4346 331 4399 et
345 4358 443 4400 omnes
458 4344 508 4418 qni
523 4342 587 4400 aliis
602 4344 753 4418 imperare,
767 4343 870 4416 jnbere
885 4348 936 4403 aut
951 4358 1076 4418 praeesse
1091 4342 1207 4417 habent,
1224 4348 1257 4401 nt
1270 4340 1375 4401 Obristi

198 4441 305 4504 domini
326 4447 487 4521 exemplum
507 4449 538 4505 in
558 4446 613 4505 boc
632 4449 828 4525 imitarentur,
851 4431 895 4523 ut,
924 4464 988 4524 que
1010 4447 1130 4537 subditis
1149 4448 1299 4541 dicerent,
1326 4450 1376 4509 aut
