3017 5225
749 433 815 499 120
848 445 854 450 '

195 623 342 682 Romanos
357 620 541 680 concionatus
556 623 609 678 est.
649 617 721 675 Heri
737 615 812 674 enim
826 631 845 672 a
860 613 980 674 meridie
995 609 1071 672 idem
1086 613 1248 688 argumenti
1262 617 1368 672 tracta-

194 727 254 786 bat.
279 726 364 799 Legit
377 729 473 783 autem
488 739 564 781 nunc
578 700 716 795 temporis
732 721 768 780 de
784 737 818 779 eo
833 721 908 779 loco:
931 719 1046 784 Nemini
1061 719 1213 792 quicquum
1229 717 1367 791 debeatis,

195 833 250 890 nisi
264 831 333 903 hoo,
357 836 390 890 ut
403 819 525 888 invicem
540 843 592 887 vos
609 827 745 909 diligatis.
766 825 860 884 llam
876 826 924 898 qui
940 823 1034 898 diligit
1049 824 1187 896 alterum,
1208 823 1303 898 legem
1317 824 1369 882 im·

198 939 296 1013 plauit,
311 933 453 1009 siquidem
467 933 534 993 illa:
558 932 625 992 Non
641 927 830 1012 adulterabis,
853 946 910 988 non
925 929 1053 1003 occides,
1071 945 1129 988 uon
1145 927 1299 1006 furaberis,¹
1315 923 1370 987 nou

198 1041 301 1101 falsum
316 1040 511 1100 testimonium
525 1038 620 1112 dices,
646 1052 703 1094 nou
718 1035 902 1109 concepisses
917 1039 947 1092 et
961 1035 985 1091 ιι
1001 1033 1080 1108 quod
1093 1033 1172 1092 aliud
1185 1033 1370 1108 praeceptum,

197 1149 228 1205 in
243 1147 298 1206 lioc
321 1161 453 1205 sermone
474 1143 635 1224 summatim
659 1139 919 1213 comprehenditur.
959 1139 1070 1214 Nempe
1094 1139 1195 1212 diliges
1210 1140 1372 1213 proximum

198 1245 279 1313 tuum
294 1251 367 1308 sicut
382 1255 412 1308 te
426 1226 527 1322 ipsum.
552 1244 675 1306 Dilectio
691 1246 822 1320 proximo
837 1245 943 1304 malum
957 1259 1016 1307 non
1032 1249 1178 1318 operatur,
1195 1240 1372 1304 consumma·

172 1417 175 1426 ,
198 1357 240 1416 tio
251 1358 354 1429 itaque
368 1355 441 1428 legis
456 1358 501 1411 est
516 1352 630 1413 dilectio
645 1327 701 1409 eto.
725 1350 783 1408 Pro
799 1349 893 1409 studio
905 1355 1000 1408 antem
1016 1350 1176 1409 inculcandi
1191 1353 1226 1409 eb
1241 1366 1306 1424 qnae
1320 1367 1372 1429 per

194 1463 263 1522 ⁴dies
278 1461 388 1534 aliquot
408 1458 545 1517 docuerat
566 1471 602 1516 ea
621 1453 711 1513 verba
733 1471 792 1512 non
811 1453 914 1527 attigit.
954 1455 1011 1518 Sed
1025 1455 1140 1528 repetiit
1160 1455 1274 1528 singula
1287 1454 1372 1529 hujus

200 1566 313 1641 capitis,
330 1563 485 1643 admonens
500 1561 700 1634 magistratum
714 1561 828 1617 rursum
844 1559 887 1616 sui
903 1556 990 1616 oflicii
1006 1562 1035 1617 et
1049 1557 1209 1618 dilectionis
1231 1560 1261 1618 in
1276 1559 1373 1618 subdi·

202 1678 257 1729 tos.
296 1670 368 1726 Item
389 1648 544 1739 subditos,'
556 1669 589 1723 ιιι
602 1664 783 1737 magistratui
802 1664 833 1721 in
852 1643 996 1736 omnibus,
1020 1667 1127 1738 prater
1149 1661 1372 1737 siquid'coutra

200 1774 318 1834 verbum
333 1771 388 1830 Dei
402 1774 552 1854 statueret,
568 1768 735 1829 obedientes
749 1785 781 1826 se
792 1759 975 1842 praestarent,
991 1769 1138 1840 tributum,
1154 1757 1372 1844 vectigaljcon·

200 1855 374 1958 tributiones
393 1875 516 1948 denique
538 1879 568 1933 et
582 1875 678 1934 omnia
693 1873 832 1947 eiusmodi
847 1891 883 1950 ex
897 1874 1038 1933 charitate
1054 1855 1185 1933 offerent.
1220 1874 1295 1934 Nam
1312 1871 1371 1932 offi-

202 1985 276 2043 cium
291 1980 465 2040 defendendi
479 1982 571 2040 bonos
586 1987 616 2040 et
626 1981 717 2038 malos
732 1978 883 2038 coercendi
898 1979 959 2037 sine
974 1974 1084 2052 magnis
1095 1980 1254 2053 sumptibus
1270 1981 1372 2052 exequi

201 2090 310 2162 nequit,
326 2089 369 2146 ait
382 2088 429 2145 hic
444 2087 632 2156 ecclesiastes.
671 2087 745 2145 Item
759 2086 977 2158 magistratuum
992 2083 1129 2144 summam
1146 2090 1175 2144 et
1188 2085 1310 2158 primam
1325 2099 1371 2142 cu-

201 2202 264 2253 ram
279 2209 342 2252 esse
357 2190 472 2266 debere,
486 2189 521 2250 ιιι
535 2175 655 2249 subditis
670 2191 706 2249 de
721 2188 853 2248 fidelibus
868 2190 949 2248 verbi
971 2190 1108 2248 ministris
1123 2189 1321 2262 provideatur,
1345 2196 1374 2249 et

201 2299 323 2373 populns
338 2298 376 2356 ab
391 2297 498 2355 eisdem
513 2294 637 2354 fideliter
651 2297 682 2352 in
697 2311 768 2353 sana
783 2293 915 2352 doctrina
930 2294 1107 2354 instituatur.
1145 2294 1219 2352 Item
1234 2297 1266 2358 ut
1279 2271 1373 2356 'cultus

200 2400 436 2474 divinusquibus
451 2401 506 2459 coli
521 2418 552 2458 se
566 2400 640 2458 velle
654 2401 755 2461 unicus
768 2398 819 2456 ille
834 2395 923 2472 Deus,
940 2403 1046 2471 prater
1059 2414 1143 2471 quem
1159 2387 1217 2456 non
1232 2403 1278 2458 est
1292 2399 1373 2472 alius,

204 2524 257 2580 per
270 2504 361 2563 filium
376 2521 458 2584 snum
473 2504 570 2563 docuit
580 2505 664 2578 juxta
688 2505 838 2578 scripturae
854 2506 1022 2578 praescripta
1036 2508 1159 2580 peragat
1156 2521 1209 2563 ur
1241 2505 1342 2579 Non(
1334 2505 1375 2563 ιιι-

205 2612 276 2685 quit‚
294 2609 521 2669 caeremonialem
536 2608 617 2668 illum
632 2609 817 2682 papisticnm,
838 2609 886 2683 qui
901 2609 1024 2694 nonnisi
1031 2626 1084 2684 pro
1099 2607 1167 2668 ludo
1182 2591 1286 2684 puerili
1302 2628 1374 2685 pnp-

183 2724 307 2790 ‘porum
327 2732 406 2774 more
425 2716 529 2788 puppis
550 2715 708 2774 ludentium
732 2709 938 2774 existimandus
961 2718 1013 2793 est.
1051 2714 1240 2787 Magistratus
1262 2733 1376 2790 quoque

205 2826 387 2897 operamt
338 2820 400 2902 det,
423 2825 455 2879 nt
477 2826 507 2878 et
526 2821 587 2891 ipse
609 2820 759 2893 scripturae
775 2837 798 2879 s
815 2837 872 2878 non
897 2820 972 2877 omni
989 2837 1024 2878 ex
1039 2821 1144 2893 parte
1137 2839 1317 2895 ignarae,
1269 2824 1307 2880 sit
1324 2839 1376 2881 ne

196 2942 318 2999 'semper
341 2926 379 2983 ab
395 2941 453 2999 ‘ore
473 2923 704 2996 detorquentium
719 2924 881 2999 ,scripturas
897 2930 926 2984 et
940 2926 1033 2984 alienb
1055 2926 1173 2986 cerebro
1188 2927 1376 2999 penderem-

206 3036 319 3107 gantur.
357 3028 512 3088 Adducens
527 3030 564 3088 de
578 3030 632 3087 hoc
646 3034 821 3103 praeceptum
839 3030 1016 3103 legislatoris·
1027 3030 1144 3103 Moseos
1159 3031 1297 3107 err-Dent.
1314 3051 1375 3107 cap.

212 3142 261 3200 17.
284 3136 466 3207 necantem
480 3132 540 3195 lere
555 3139 622 3193 eunt
636 3135 735 3193 uerba.
760 3135 829 3193 Cum
844 3135 952 3212 sederit
965 3136 1004 3221 in
1016 3136 1087 3193 solio
1102 3137 1185 3209 regni
1200 3138 1253 3211 eui,
1270 3138 1375 3198 descri-

206 3242 258 3302 bat
271 3241 488 3315 eibiexemplar
502 3240 587 3315 hujus
602 3241 678 3312 legis
688 3241 718 3297 in
733 3240 806 3298 libro
817 3240 911 3298 coram
925 3240 1122 3299 sacerdotibus
1133 3242 1238 3299 levitici
1254 3242 1376 3317 generis,

144 3402 148 3409 .
208 3346 319 3419 eritque
334 3346 406 3405 illud
419 3362 508 3421 penes
523 3362 598 3417 enm,
609 3350 648 3402 ιιι
660 3346 739 3426 legat
753 3346 784 3405 in
800 3362 834 3404 eo
851 3346 962 3429 cunctis
974 3344 1073 3403 diebus
1089 3346 1159 3414 fvitae
1176 3363 1255 3421 suae,
1277 3350 1377 3407 utsci-

206 3440 274 3511 licet
289 3451 391 3511 discat
404 3429 504 3511 timere
526 3451 675 3525 dominum
690 3450 783 3510 Deum
804 3464 887 3528 suum
907 3455 936 3507 et
957 3446 1072 3508 servare
1095 3452 1189 3509 omniu
1204 3453 1293 3512 verba
1307 3454 1378 3527 legis

207 3556 292 3629 thos
308 3572 342 3614 ao
356 3552 466 3618 statuta
480 3557 554 3627 ista,
562 3561 595 3613 ut
609 3553 697 3612 iaciat
711 3572 773 3627 ea,
766 3558 802 3613 e't
818 3572 853 3613 ne
869 3552 987 3613 extollat
1007 3570 1057 3616 cor
1072 3573 1154 3616 sunm
1166 3574 1258 3631 supra
1265 3556 1378 3619 iratres

208 3677 289 3732 suos,
315 3675 409 3731 neque
428 3658 550 3716 recedat
567 3665 743 3744 apraecepto
764 3670 817 3722 ne'c
836 3660 874 3718 ad
889 3658 1034 3718 dexteram
1051 3676 1103 3719 nec
1118 3662 1155 3751 ad
1170 3662 1324 3735 sinistram,
1347 3666 1379 3720 ιιι

208 3769 345 3836 proroget
366 3762 455 3819 dies
445 3779 477 3820 ιιι
496 3778 585 3835 regno
608 3779 659 3820 suo
681 3764 744 3837 ipse
768 3770 797 3823 et
808 3757 867 3825 filii
891 3766 952 3837 ejus
975 3766 1006 3823 in
1029 3764 1122 3825 medio
1142 3766 1266 3852 Israelis.
1306 3768 1379 3825 Item

208 3866 366 3949 exemplum
380 3852 469 3924 Josiae
483 3867 575 3940 regis,
601 3869 650 3941 qui
670 3874 787 3942 reperto
811 3869 886 3929 libro
908 3871 980 3944 legis
995 3871 1101 3937 cultum
1117 3869 1172 3928 Dei
1187 3870 1379 3945 redintegrari

207 3974 385 4045 praeeperat
400 3974 453 4030 etc.
840 4027 843 4034 .

295 4075 323 4133 A
337 4078 472 4135 concione
493 4077 560 4138 dum
580 4078 725 4152 Joanhes,
736 4075 895 4154 Philippus
917 4086 946 4139 et
966 4080 1080 4139 Sarnuel
1100 4034 1216 4137 comites
1240 4078 1358 4137 adhuc'
1350 4096 1380 4137 un

209 4179 376 4246 deducenda
390 4182 505 4240 domina
520 4184 649 4256 principe
664 4184 813 4257 abessent,
786 4183 964 4253 tEubulus
980 4190 1009 4243 et
1023 4183 1210 4254 wendelinus
1225 4184 1380 4242 comitante
1439 4178 1441 4181 ’

208 4300 258 4343 eos
274 4284 377 4345 carolo
393 4302 410 4344 a
426 4286 568 4346 stocheim
575 4289 766 4382 ,·satrapa1n
781 4290 932 4363 Weilburg
951 4296 980 4347 et
994 4288 1136 4363 Usingen,
1158 4265 1379 4348 atrebatensem

208 4389 320 4463 adiere,
345 4392 394 4464 qni
415 4393 476 4455 viso
491 4391 605 4451 Eubulo
622 4392 732 4466 gallico
757 4407 837 4452 more
858 4394 1025 4456 exclamavit
1046 4396 1118 4456 Mon
1137 4394 1279 4471 seigneur
1295 4398 1379 4453 conte

208 4494 297 4569 etc,
289 4509 419 4554 mnuens·
433 4512 465 4554 se
476 4498 609 4569 ¹crastino
628 4498 742 4567 circiter
764 4504 892 4559 octavam
913 4515 997 4571 posse
1017 4500 1160 4560 arbitrare
1175 4498 1378 4557 resolutionem
