3017 5225
718 444 790 511 ⁴165

161 633 229 704 tur;
254 642 347 703 quere
368 638 425 688 rou
444 625 590 690 comedis?
621 628 653 690 si
671 631 768 690 cutem
789 643 847 690 uon
868 633 960 704 potes,
975 616 1070 692 udhuc
1088 647 1150 709 prro
1164 630 1340 714 ,infirmitate

165 733 244 809 fidei,
260 735 387 796 oleribus
402 750 519 796 vescere
540 739 570 795 et
587 719 753 796 deindi'ces
776 750 839 796 eum
855 735 905 808 qui
921 733 1034 796 Christo
1053 738 1152 799 vivens
1167 739 1342 813 quibuslibet

163 837 300 901 vescitur.
328 839 408 900 Nihil
421 840 499 900 cuim
513 839 576 900 huc
590 839 628 900 ud
642 841 764 901 sulutem
779 838 896 900 fuciunt.
934 839 1048 901 Deinde
1062 846 1093 902 et
1107 843 1241 917 gentilem
1256 859 1338 906 cour·

158 954 257 1023 'gueus
271 948 383 1022 iuquit!
396 947 443 1007 'l'u
457 955 509 1006 cur
522 939 648 1021 despicis
662 944 803 1008 ircuem?
820 940 916 1022 (qussi
930 937 1039 1022 dicet),
1050 963 1118 1006 uum
1133 948 1238 1009 oblitus
1253 963 1294 1025 es3
1308 957 1338 1012 te

163 1059 230 1112 esse
242 1049 467 1112 irsuuududoei
481 1049 642 1112 confitentis
651 1049 816 1113 Christum?
832 1050 903 1110 Cum
918 1056 949 1112 ot
962 1052 988 1112 is
1002 1067 1084 1126 uque
1099 1067 1135 1114 eo
1148 1058 1181 1114 tu
1195 1055 1225 1114 in
1238 1069 1336 1116 uume-

162 1173 230 1217 rum
253 1154 409 1218 electorum
428 1157 543 1216 -uscitus
567 1156 619 1230 sit,
649 1156 779 1231 uunquid
802 1171 858 1216 uon
880 1156 934 1217 tibi
962 1154 1057 1219 luctor.
1078 1163 1123 1218 sst
1143 1161 1187 1218 im·
1200 1160 1337 1222 domiuo?

162 1262 302 1337 Numquid
328 1265 451 1336 uterque
478 1266 606 1321 uestrum
632 1261 810 1322 solummodo
835 1267 927 1322 morto
950 1261 1057 1324 Christi
1085 1264 1262 1326 salvabitur?
1280 1266 1338 1328 ¹du

162 1369 263 1443 magni
276 1367 387 1442 eliquid
400 1371 433 1426 to
445 1364 548 1427 iecisse
561 1371 661 1441 putum
678 1368 703 1427 si
717 1368 852 1429 cornibus
865 1374 897 1428 et
910 1368 981 1430 cibis
994 1370 1090 1430 uetitis
1111 1372 1188 1430 vesei
1202 1370 1338 1432 noueris?

162 1473 253 1551 Parvi
267 1471 386 1535 domino*
396 1472 526 1547 interest,
551 1487 623 1548 quos
637 1471 718 1535 cibos
732 1472 886 1536 menduces
901 1478 952 1532 aut
965 1490 1024 1534 nou
1039 1473 1202 1560 menduces,
1219 1459 1339 1540 sed'hoc
1447 1461 1451 1469 ’

165 1579 291 1654 requirit
305 1595 324 1638 u
337 1583 377 1653 te,
393 1583 426 1638 ut
440 1578 523 1640 donis
544 1581 575 1638 et
593 1578 669 1638 dotis
683 1595 747 1638 oum
770 1579 929 1651 gredau-um
943 1580 1056 1642 uctioue
1069 1579 1176 1642 frueris
1190 1597 1229 1645 uc·
1237 1579 1338 1644 iisdem

165 1702 226 1747 uon
241 1684 370 1765 abuteris
384 1689 439 1744 etc.
478 1682 521 1742 Ac
535 1679 631 1759 potius
646 1684 746 1744 ummo
754 1688 850 1744 tecum
863 1684 993 1761 recolito,
1010 1686 1088 1760 quod
1104 1703 1158 1762 pro
1171 1681 1261 1749 temet
1274 1689 1338 1765 ipso

162 1788 228 1859 Duo
249 1789 390 1851 sotionem
409 1788 576 1870 redditurus
601 1795 630 1850 et
651 1805 749 1850 corum
768 1789 907 1850 tribunali
928 1789 1036 1852 christi
1057 1791 1198 1872 sistendus
1213 1795 1263 1870 sis,
1286 1793 1337 1855 ubi

163 1911 231 1954 curu
245 1896 409 1956 steterimus
422 1895 455 1954 in
468 1893 516 1956 die
529 1894 580 1954 illu
591 1893 709 1968 iudicii,
730 1894 755 1952 is
774 1909 861 1955 verus
880 1901 1023 1956 scrutetur
1037 1911 1152 1974 remum,
1166 1901 1222 1960 cui
1236 1905 1339 1974 passm

162 1999 334 2062 absconditu
349 1999 495 2074 cordium,
515 1997 602 2065 iueilc
616 2001 712 2060 omuiu
727 1999 909 2074 diiudicabit,
925 1998 1075 2076 profereus
1090 2018 1148 2077 que
1158 1989 1338 2081 tidesinguli

162 2106 278 2183 singule
290 2101 426 2188 iecerint,
450 2110 512 2164 tum
527 2104 605 2181 dico,
626 2119 690 2165 cum
703 2121 794 2182 ugnos
808 2105 845 2166 ub
859 2105 949 2166 hoedis
963 2106 1080 2167 dividet.
1117 2107 1172 2168 His
1186 2106 1271 2184 dicet,
1285 2124 1334 2170 ue·

162 2214 233 2287 uite,
248 2211 314 2287 illis,
330 2213 379 2272 ite.
418 2211 486 2270 Istis
508 2211 629 2286 scilicet,
654 2211 704 2286 qui
724 2227 800 2270 nuuc
818 2211 915 2271 omnic
933 2210 1094 2284 dijudicent
1114 2228 1149 2273 so
1169 2213 1334 2274 ueluthirei

163 2323 330 2394 cornupetae
344 2317 452 2391 possim
466 2316 566 2377 obuios
580 2331 710 2392 quosque
724 2321 828 2392 petunt
841 2321 903 2377 eto*
931 2316 971 2378 Et
985 2317 1120 2378 debemus
1134 2315 1264 2394 proiecto
1279 2317 1336 2381 iru-

164 2429 243 2485 trum
262 2404 460 2498 iufirmitctm
469 2423 619 2482 sustinere
639 2423 669 2484 iu
688 2423 739 2498 iis,
759 2438 827 2496 =quue
847 2426 948 2483 contre
968 2419 1054 2485 iidem
1074 2440 1132 2483 nou
1151 2420 1243 2484 fiunt·
1271 2423 1338 2488 Nou

162 2531 245 2601 cuim
255 2526 415 2605 periculum
430 2532 476 2586 est
489 2525 534 2585 his
548 2529 595 2588 uel
609 2527 666 2592 illus
680 2528 752 2588 cibis
762 2528 848 2602 vesci,
864 2527 917 2588 sed
931 2542 995 2587 cum
1009 2503 1182 2606 lurcohihus,
1198 2529 1337 2592 helluoni·

162 2634 226 2710 hus,
242 2634 361 2697 moechis
377 2633 567 2708 commisceri,
582 2632 638 2693 hoc
651 2640 801 2709 peccatum
816 2640 868 2695 est.
907 2634 1035 2695 Adduxit
1049 2642 1079 2696 et
1092 2636 1186 2698 locum
1200 2635 1286 2696 Puuli
1300 2651 1337 2697 ex

161 2740 292 2802 Corinth.
312 2744 340 2799 1.
355 2740 480 2815 epistole
492 2746 556 2811 cup.
574 2740 604 2797 8.
640 2737 692 2799 Ait
713 2745 823 2814 autem,
846 2740 871 2799 si
892 2740 923 2800 in
943 2738 1110 2815 adiaphoris
1125 2740 1226 2815 religio
1241 2743 1334 2802 cousi-

161 2850 264 2919 sieret‚
279 2842 411 2920 proiecto
425 2843 535 2905 frustra
548 2848 678 2905 mortuus
693 2849 737 2905 est
751 2824 891 2905 Christus.
921 2845 1013 2905 Missa
1026 2846 1115 2921 igitur
1129 2843 1265 2907 suciamus
1279 2831 1337 2909 istu

160 2951 273 3027 judicio
285 2955 317 3011 et
330 2951 430 3011 demus
444 2965 564 3025 operum
577 2957 611 3010 ut
625 2947 684 3011 fide
698 2957 729 3011 et
740 2952 867 3024 puritate
882 2951 978 3012 cordis
996 2952 1128 3013 instructi
1148 2950 1281 3028 supremo
1295 2952 1338 3014 illi

159 3054 252 3132 judici
265 3056 408 3116 rationem
421 3053 544 3115 reddere
558 3071 704 3129 queamus.
733 3054 778 3115 Dc
793 3054 907 3131 reliquo
921 3061 1015 3118 textus
1030 3061 1114 3132 purte
1128 3057 1167 3118 ud
1181 3057 1258 3119 diem
1272 3058 1337 3119 seb·

162 3162 272 3223 butise
284 3160 426 3221 diomrum
439 3160 560 3235 recepit.
700 3212 704 3217 .
915 3160 918 3165 “
1292 3162 1298 3168 ·

251 3266 280 3326 A
294 3265 431 3327 concione
445 3264 606 3326 Semurium
619 3270 753 3341 nepotem
768 3270 897 3327 nostrum
908 3264 1085 3337 jentaculum
1103 3266 1134 3325 in
1147 3264 1271 3339 hospitio
1286 3282 1334 3327 su·

161 3376 287 3433 mentem
301 3371 400 3446 reperi
414 3377 444 3432 et
456 3386 524 3430 mox
538 3370 593 3431 sub
606 3372 707 3432 horum
722 3358 827 3432 nouum
842 3367 963 3432 eundem
982 3367 1021 3428 ud
1035 3368 1107 3443 Lyci
1115 3354 1336 3443 'usque-fluente

162 3475 359 3555 proiecturum
376 3478 420 3536 riu
447 3478 571 3551 putrium
591 3473 974 3551 deduximus,'-«prosperum
996 3474 1052 3533 itur
1074 3478 1104 3533 et
1121 3470 1218 3534 omniu
1240 3472 1337 3536 iuuste

163 3583 220 3658 ipsi
233 3587 395 3658 preeuntes,
411 3585 594 3658 injungemm
613 3598 677 3658 quae
698 3582 775 3658 putri
790 3581 924 3657 Philippo
945 3580 1037 3640 nostrl
1050 3580 1163 3640 nomine
1178 3578 1287 3639 diceret
1300 3595 1335 3639 uc

165 3688 269 3764 eidem,
285 3686 364 3763 quod
371 3687 507 3765 huncine,
523 3704 609 3764 quem
622 3694 691 3749 unte
704 3686 862 3747 discessum
877 3702 959 3745 suum
973 3678 1196 3761 emendaverat*
1209 3683 1336 3748 nondum

163 3808 297 3854 revemus
315 3790 426 3868 meret,
455 3808 559 3881 eureos
581 3795 683 3869 uiginti
704 3798 807 3853 mutuo
827 3793 972 3867 dedimus,
997 3776 1154 3870 Weldeoioe
1180 3790 1335 3865 recepturi,

164 3890 243 3976 quod
257 3898 377 3959 othone
390 3896 449 3959 fide
463 3896 570 3959 luctum
584 3903 637 3961 est.
667 3899 843 3975 Roguuimus
858 3901 971 3973 quoquc
987 3896 1110 3958 eumdem
1123 3902 1156 3957 ut
1169 3896 1268 3956 moris
1281 3912 1333 3958 uo·

163 4011 233 4064 sue
247 4008 278 4063 et
290 4000 388 4064 filiolae
403 4001 583 4079 cumeriuoeff
606 4005 689 4078 cujus
703 4004 883 4080 bsptismatis
905 4002 1054 4077 susceptor
1068 4000 1136 4077 luit,
1160 4016 1257 4061 curum
1271 4016 1335 4061 cum

164 4112 228 4169 totu
241 4109 369 4170 omasus
383 4113 485 4170 nostru
498 4110 553 4171 sibi
568 4109 793 4171 commendatum
808 4125 871 4170 esse
881 4110 963 4169 uelit.
995 4107 1106 4197 Obtulit
1119 4111 1264 4195 preterea
1277 4112 1336 4166 tem

150 4230 217 4291 -per
231 4208 373 4275 Joouuem
388 4214 500 4276 Hucum
521 4216 564 4275 illi
578 4231 598 4275 u
611 4216 743 4291 secretis,
769 4229 854 4291 quem
876 4231 928 4290 per
950 4217 1040 4275 semet
1059 4216 1165 4289 ipsum,
1186 4213 1212 4272 si
1226 4224 1336 4300 summu

164 4320 342 4397 pecuniario,
358 4336 445 4395 quum
459 4326 550 4381 caesur
564 4336 584 4379 u
597 4321 681 4382 nohis
696 4303 835 4397 erigeret,
858 4321 948 4380 miuui
962 4336 1021 4381 uon
1034 4323 1141 4395 posset,
1157 4334 1211 4378 uec
1223 4322 1336 4394 putrem

164 4442 221 4487 uec
243 4432 276 4486 se'
297 4426 367 4487 mihi
389 4423 569 4503 defuturum,
593 4443 652 4502 quo
674 4427 767 4489 levius
788 4442 823 4487 es
846 4440 956 4485 summe
977 4424 1187 4511 comederetur,
1225 4422 1337 4482 Praetm

148 4513 228 4595 huuc
241 4530 328 4608 perlit
340 4524 375 4591 ut
396 4529 528 4593 omnibus
548 4528 659 4593 viribus
678 4532 709 4593 iu
723 4531 960 4595 hociuoumhore·
970 4531 1073 4607 selu,
1096 4546 1132 4589 ue
1147 4543 1205 4603 quc
1219 4528 1336 4589 comitr·
