3017 5225
715 448 780 515 loe

150 649 154 654 -
238 633 360 696 mrem
381 634 523 710 mser
554 617 740 694 sebastianus
767 626 918 721 osseus¹
936 631 1018 693 mnne
1047 633 1197 708 epulonem
1225 615 1353 696 nomen

145 721 287 816 ’Philippi
302 739 497 800 Melanthonis
517 730 555 798 ad
570 735 806 812 christophorum
822 735 978 797 Oerleuitn
995 739 1122 799 exhibuit
1136 737 1332 802 eo‘uobisoum
1423 770 1425 774 ·

154 849 289 905 oeneus
304 850 358 905 est.
447 846 450 849 ·
547 861 551 866 ·
812 913 816 918 ,
991 887 994 896 ,
1141 887 1144 894 .
1184 824 1187 832 “

243 947 360 1010 ΟΜ
369 955 415 1008 eet
428 948 519 1009 nobis
526 946 720 1008 ecelesiastica
734 945 909 1020 reformatio,
931 964 994 1022 quae
1009 965 1073 1008 oum
1088 952 1267 1012 interimente
1277 953 1330 1033 ¹in·

155 1054 249 1126 terim
259 1059 471 1139 prognetuest.
496 1038 685 1113 'lune‘edooti
699 1067 798 1112 sumus
812 1068 898 1127 quern
912 1069 970 1114 non
985 1055 1069 1127 pauoi
1084 1056 1150 1128 sint,
1170 1057 1219 1128 qui
1234 1055 1330 1115 amiei-

157 1152 235 1221 tiam'
245 1157 375 1221 noin‘hde
390 1147 442 1219 sed
456 1173 590 1218 sneemsu
604 1159 768 1218 munstur:
840 1189 845 1196 -

165 1344 168 1348 A
248 1266 550 1326 Hoxeriensis'ciuites
565 1265 692 1339 qunque
702 1264 792 1325 millia
801 1262 976 1326 florenorum
987 1267 1206 1340 eesseripendet
1221 1272 1251 1325 et
1265 1279 1330 1326 oen·

155 1375 220 1433 tmu
235 1384 337 1430 eureos
352 1385 406 1447 pro
418 1370 523 1430 litteris
543 1368 730 1430 absolutionis
751 1376 781 1430 et
795 1353 953 1446 nonaginta
972 1372 1002 1431 iu
1024 1363 1130 1446 popina
1144 1371 1330 1433 oenoellenr’ee.

142 1476 295 1550 Legimus
304 1475 412 1536 'eedem
427 1475 474 1535 die
489 1475 700 1535 demersores
720 1476 836 1535 cesaris
858 1477 942 1550 hujus
964 1475 1060 1539 Geruli
1074 1478 1100 1536 V
1120 1490 1185 1536 enm
1198 1459 1329 1538 ¹eleuteri-

155 1578 212 1641 hus
227 1584 258 1640 et
271 1581 392 1642 statibus
406 1581 519 1655 imperii
527 1592 616 1654 snper
626 1581 686 1640 suis
699 1579 892 1642 hereditariis.
914 1581 1022 1642 Eadem
1038 1585 1068 1642 in
1083 1578 1331 1658 pluteisAugust'ae

155 1677 337 1767 potissimum
356 1691 424 1746 ante
444 1684 530 1745 iores⁴
542 1687 721 1762 papisterum
740 1686 822 1760 ignes
841 1685 948 1748 hebent
967 1696 997 1750 et
1020 1689 1132 1750 choreae
1154 1689 1332 1766 duoebantur

146 1792 349 1866 inhonorem,
373 1778 405 1851 ut
418 1791 544 1866 aiebant,
560 1790 589 1851 d.
605 1791 674 1866 Viti,
683 1789 818 1851 arbitror
834 1793 905 1867 ejus,
922 1809 1006 1866 quern
1021 1791 1097 1854 Gelli
1111 1793 1330 1868 Viteppellent.

179 1944 185 1957 s
248 1889 391 1972 xnj‘Junnii
401 1885 435 1957 'in
449 1897 556 1973 templo
571 1897 705 1957 Mauritii
728 1880 756 1956 d.
773 1897 902 1957 Joennes
917 1897 1059 1959 hienricus
1073 1899 1218 1973 reliquum
1232 1901 1330 1960 lectio·

155 2005 218 2079 nie,
234 2019 321 2078 quern
335 2004 383 2064 die
397 2004 479 2064 Jouis
493 2005 623 2078 proxime
639 2003 738 2076 elapsu
753 2017 898 2075 exponere
919 2019 1072 2077 eggressus
1089 2009 1141 2078 est,
1158 2004 1331 2086 expleuerit,

143 2092 315 2188 ⁴ostendeus
330 2107 473 2183 quomodo
488 2107 516 2167 d.
532 2109 640 2174 Paulus
655 2109 686 2167 in
699 2108 754 2168 hoo
763 2111 864 2183 eapite
879 2113 919 2168 14
934 2125 991 2168 non
1006 2126 1064 2170 uno
1079 2115 1330 2184 argumentorum-

153 2214 317 2281 tentionem
330 2215 409 2274 illem
425 2213 536 2273 futilem
552 2230 588 2275 ex
603 2215 706 2274 animis
721 2217 781 2275 tem
795 2213 963 2274 Jndaeorum
986 2229 1071 2288 quem
1087 2216 1213 2288 gentium
1224 2215 1330 2274 narhei-

110 2331 114 2338 “
156 2325 206 2380 tua
221 2320 347 2380 eximere
361 2327 481 2382 oonetus
498 2320 549 2394 sit,
560 2321 738 2394 potissimum
751 2319 860 2393 judicio
877 2318 1063 2380 Christi-illos
1080 2320 1238 2380 deterrens.
1256 2320 1333 2382 'Hae

157 2432 255 2509 eutem
269 2425 333 2487 loeo
347 2424 423 2485 idem
437 2425 564 2486 loannes
578 2421 720 2486 Henrions
742 2425 839 2484 multis
860 2428 1032 2499 potestatem
1048 2423 1152 2485 Christi
1175 2427 1330 2501 seriptura—
1377 2425 1381 2428 ’
1442 2490 1448 2501 .

158 2531 411 2619 rumteetimoniie
426 2529 523 2606 palem
538 2527 718 2605 affirmauit,
731 2531 862 2593 indicans
882 2531 1025 2605 quomodo
1040 2531 1086 2590 bie
1101 2531 1231 2592 domium
1242 2531 1333 2607 judex

158 2628 292 2703 vinorum
312 2644 342 2697 et
361 2641 539 2696 mortuorum
560 2638 731 2698 constitutus
752 2630 782 2695 et
802 2654 887 2711 quem
909 2638 1014 2697 nulbus
1034 2654 1165 2712 personae
1184 2644 1332 2712 respector

148 2742 206 2808 ³eit.
229 2747 303 2807 Item
317 2742 396 2818 quod
408 2746 532 2802 uenture
546 2742 584 2801 sit
597 2739 671 2801 hore
684 2742 735 2801 ille
749 2748 780 2801 et
793 2742 854 2802 dies
870 2744 900 2805 in
919 2724 977 2816 qua
992 2742 1122 2805 Christus
1145 2759 1197 2803 rex
1211 2759 1265 2817 pro
1279 2746 1331 2803 tri·

157 2850 259 2912 bunuli
273 2849 377 2909 sedens
392 2843 429 2907 eb
443 2844 574 2906 omnibus
589 2846 758 2907 mortalibus
781 2847 848 2907 nitae
867 2847 914 2906 uel
928 2846 1082 2925 perperam
1096 2850 1142 2908 uel
1163 2849 1252 2921 probe
1267 2865 1333 2924 per·

147 2963 233 3018 ‘aeter
249 2961 278 3015 et
293 2953 434 3015 dictorum
453 2945 593 3011 radonem
616 2955 787 3026 accepturus
802 2954 848 3011 sit.
883 2938 1022 3029 Et'qnem
1036 2952 1192 3016 bermolus
1201 2958 1237 3033 et
1250 2955 1333 3015 mise·

14 3053 15 3072 ¹
95 3062 97 3065 ’
149 3051 253 3121 ‘meurs
267 3060 299 3148 in
313 3074 363 3119 eoe
377 3056 504 3131 iuturus,
531 3054 581 3130 qui
602 3074 637 3116 ex
656 3043 737 3117 reete
759 3037 906 3119 ¹voluntate
926 3065 955 3119 et
970 3042 1169 3119 omni'ruentis
1185 3062 1333 3121 conamine

159 3153 277 3227 chunuto
291 3154 415 3225 fiderites
438 3162 609 3235 verboejus
633 3168 663 3221 et
681 3161 834 3223 mnibus.
846 3165 877 3222 in
900 3163 955 3223 heo
974 3166 1033 3224 vite
1054 3163 1245 3224 obedientiam
1259 3164 1334 3239 pree-

148 3277 240 3331 'stare
254 3271 381 3345 eupiunt.
419 3270 531 3329 Rursus
549 3283 643 3342 quem
659 3272 791 3353 austerus
807 3269 918 3343 ineos,
942 3270 1002 3341 qui.
1013 3269 1111 3327 mundi
1127 3270 1267 3328 elementa
1281 3271 1331 3329 eli-

134 3379 262 3453 ‘uentee
274 3373 353 3435 omni
366 3372 511 3447 idolatrie,
526 3356 671 3447 superbie,
687 3366 805 3431 luxurie
817 3376 851 3432 et‘
860 3372 892 3432 id
905 3383 995 3446 genus
1015 3370 1149 3432 vitiorum
1171 3377 1333 3448 contempto

160 3497 260 3543 eorum
275 3482 419 3541 seluetore
433 3480 545 3553 seipsos
560 3483 797 3551 conspurcarunt.
822 3475 922 3539 Obiter
934 3494 1047 3554 quoque
1058 3477 1171 3553 doeens,
1188 3477 1273 3551 quale
1285 3480 1332 3552 jn·

161 3584 268 3647 dicium
282 3588 317 3661 is,
333 3588 384 3660 qui
398 3600 430 3654 se
445 3598 559 3658 nequum
569 3582 695 3658 judicem
709 3590 849 3657 praestare
860 3584 921 3645 diei
935 3584 1012 3658 velit,
1039 3581 1116 3643 ferre
1132 3573 1244 3644 debeat.
1276 3581 1332 3643 Lo-

153 3706 227 3751 ·oum
241 3695 339 3751 eutem
348 3690 439 3751 hune:
454 3690 528 3750 Vivo
537 3705 591 3763 ego
607 3673 827 3763 eiciteomiuus,
844 3706 903 3749 non
914 3690 1040 3750 delector
1052 3697 1144 3751 monte
1159 3691 1248 3766 impii,
1263 3678 1334 3763 suin

162 3798 254 3872 magis
266 3795 333 3857 eum
347 3800 510 3855 revertetur
524 3795 629 3868 impius
646 3796 676 3853 in
691 3796 738 3855 vie
753 3800 851 3865 suast
865 3794 977 3856 uixerit.
1011 3793 1217 3869 convertimini
1231 3794 1267 3853 de
1281 3795 1334 3857 uiis

162 3902 267 3981 uestris
280 3900 378 3975 malis,
403 3908 461 3959 eur·
478 3900 552 3959 enim
571 3900 733 3959 moriemini
753 3899 853 3959 domus
877 3884 993 3961 Israelis
1016 3916 1051 3959 ex
1066 3916 1128 3975 nep.
1147 3902 1186 3959 33
1203 3900 1334 3959 Ezechiel

159 3996 323 4066 luculenter
337 4005 479 4080 exposuit.
509 3997 571 4066 nos
589 3999 863 4080 eommoneieoiene,
881 4006 1011 4079 quiores
1027 4020 1057 4063 se
1073 4006 1114 4063 sio
1128 4005 1281 4079 haberent,
1302 4010 1335 4063 ut

165 4114 287 4188 quisque
300 4100 356 4187 pro
371 4124 402 4170 se
417 4112 480 4183 ipso
495 4111 637 4169 rationem
651 4111 819 4171 redditurus
834 4112 884 4185 sit,
905 4114 988 4171 eante
1010 4110 1040 4168 in
1055 4111 1110 4170 hoo
1124 4108 1219 4170 seenlo
1235 4108 1333 4169 ombu-

162 4218 303 4290 letemus,
328 4199 419 4275 onum
436 4214 701 4277 lesum-Christum
721 4216 936 4289 redemptorem·
950 4220 979 4275 et
994 4214 1164 4283 salvatorem
1179 4230 1335 4289 agnoscen-

163 4327 217 4397 tes,
236 4338 330 4397 quem,
346 4323 372 4381 si
387 4327 470 4383 extre
482 4322 581 4396 ipenm‘
589 4322 678 4382 dmm
692 4321 909 4395 instituerimus,
917 4319 1047 4393 'judicem
1062 4303 1272 4379 severissimum
1287 4329 1338 4379 ern-¹

163 4429 284 4514 portori
292 4428 390 4502 simus,
406 4413 540 4489 caventes
555 4426 670 4485 iuterim
684 4440 721 4485 ne
735 4426 858 4487 inuicem
871 4442 924 4485 nos
938 4423 1022 4485 fusile
1035 4423 1236 4498 judicaremus.
1269 4422 1277 4475 .'

192 4561 196 4566 ·
253 4533 285 4592 A‘
296 4530 433 4622 concione
446 4532 601 4607 hospitium
615 4531 763 4593 wilhelmi
778 4532 898 4606 comitis,
921 4530 978 4609 quo
988 4531 1050 4606 jem
1064 4534 1125 4589 tum
1139 4527 1242 4592 Florus
1257 4528 1333 4593 ubie-
