3017 5225
194 628 300 703 putans
314 627 368 688 ιιι
383 645 503 690 munere
516 629 714 704 iurisperitum
727 627 783 688 subi
798 632 891 688 totum
903 627 1074 703 devinxisse,
1090 643 1125 688 ιι
1140 626 1244 688 deinde
1258 643 1323 687 cum
1337 643 1372 687 re

193 736 258 809 ipsa
272 751 325 794 suc
340 735 415 796 mlo
438 735 634 809 experiretur,
660 733 782 792 eundem
797 737 828 794 ct
850 731 888 794 ab
910 733 1075 797 aduersario
1096 749 1149 794 suo
1169 734 1200 792 in
1221 733 1372 792 consilium

193 816 353 900 adhibitum
368 855 440 914 esse,
464 841 648 913 expostulans
662 855 727 919 cum
738 839 908 914 jurisperito
924 839 979 899 ait:
1003 839 1070 899 Non
1090 839 1172 913 potui
1187 839 1217 897 irr
1232 839 1288 897 hac
1301 855 1369 896 can·

194 961 227 1004 ss
241 961 334 1004 meum
356 945 458 1006 bovem
477 947 650 1019 mugientem
665 945 778 1004 audire.
817 945 894 1003 Vere
908 943 989 1018 dicis,
1012 941 1162 1019 respoudit
1172 943 1368 1018 jurisperitus,

194 1058 261 1109 ιιιι
274 1049 500 1124 caputhabebet
513 1052 612 1110 tunice
625 1050 788 1112 holoserica
803 1065 839 1107 ex
853 1050 988 1109 martium
1002 1049 1124 1122 pellibus
1141 1049 1265 1108 obductu
1279 1047 1368 1108 obuo-

193 1153 298 1229 lutum,
319 1155 449 1215 indicans
467 1156 559 1229 magis
581 1157 674 1228 ipsum
693 1154 731 1214 ad
750 1154 963 1228 preciositatem
984 1155 1086 1229 vestis,
1110 1169 1196 1228 quam
1210 1153 1249 1214 sd
1262 1154 1370 1228 prioris
1449 1165 1453 1169 ·

194 1274 296 1318 munus
311 1261 384 1341 aut
372 1275 421 1333 Jns
437 1261 562 1318 animum
576 1261 708 1319 sertime.

240 1336 395 1424 Eodem
417 1380 436 1422 ι
458 1363 630 1423 consiliariis
653 1363 849 1438 imperialibus
871 1361 949 1424 lacta
975 1369 1019 1424 est
1041 1361 1148 1424 mentio
1169 1360 1306 1425 Wulffilse
1332 1379 1368 1424 ex

195 1468 271 1528 omni
285 1466 489 1544 purteWulffii
504 1467 574 1544 quid
588 1484 646 1528 non
662 1469 874 1529 esculentorum
889 1470 983 1543 gratia
996 1470 1129 1529 lurcones
1144 1483 1202 1528 non
1217 1475 1315 1545 agant,
1331 1485 1368 1530 cx

194 1573 249 1632 boo
262 1575 370 1649 putuit,
395 1573 474 1648 quod
496 1589 583 1647 capos
605 1579 642 1632 et
658 1571 789 1647 perdices
809 1590 825 1634 ι
840 1574 1003 1634 Mechliuia
1023 1573 1191 1634 Brabantia
1207 1571 1367 1646 Augustam

194 1682 349 1751 opportere
363 1684 510 1738 curarunt.
549 1679 655 1738 Florus
678 1677 716 1782 ad
738 1680 815 1740 bunc
835 1695 926 1755 usque
947 1679 1023 1740 diem
1036 1678 1198 1790 miserrime
1213 1682 1243 1736 ct
1258 1679 1368 1738 calculo

196 1789 227 1842 et
239 1783 385 1843 ilieuteriu
398 1783 521 1843 luborut

281 1887 392 1948 Eadem
406 1887 528 1948 Carolus
540 1889 700 1951 aStoolrem
714 1896 743 1950 et
759 1906 812 1965 ego
829 1890 976 1950 docorem
990 1889 1198 1972 blarquardum
1213 1889 1362 1962 adivimus,

195 1993 277 2067 cuius
291 1993 440 2053 consilium
455 2000 519 2055 erat
533 1996 570 2055 ad
584 1995 646 2055 dies
661 1997 771 2069 aliquot
785 2011 895 2055 moram
910 2000 1034 2068 nectere,
1058 1991 1163 2054 (ιιιιιιι
1178 1993 1298 2054 liberius
1311 2009 1367 2068 pro

194 2097 358 2160 dimissione
371 2101 489 2160 instare.
520 2099 605 2173 Quod
626 2105 721 2160 autem
735 2099 772 2160 de
787 2099 951 2160 dimissione
970 2099 1048 2174 apud
1062 2097 1270 2173 Murquardum
1285 2113 1365 2157 men-

194 2206 302 2264 tionem
316 2203 484 2280 leceramus,
500 2207 561 2266 bee
576 2221 664 2264 causa
678 2200 805 2280 suberat,
830 2204 909 2278 quod
923 2203 1005 2264 nobis
1020 2219 1189 2278 persuasum
1204 2198 1284 2276 erat,
1293 2217 1365 2262 non·

195 2310 279 2369 nullis
295 2311 344 2383 qui
358 2328 418 2371 uua
431 2310 580 2370 nobiscum
594 2309 754 2383 Augustam
769 2311 851 2370 citati
865 2307 993 2384 luerunt,
1014 2309 1128 2370 domum
1142 2309 1290 2368 remeandi
1304 2321 1365 2366 cer-

194 2419 257 2472 tum
270 2415 407 2487 temporis
422 2415 545 2488 spatium
561 2415 674 2490 dutum,
698 2414 777 2487 quod
799 2414 891 2490 ipsum
906 2421 1002 2476 tamur
1016 2421 1119 2491 postea
1132 2430 1191 2477 nou
1204 2415 1267 2474 ucri
1282 2413 1366 2475 dissi

196 2519 263 2576 mile
277 2515 366 2576 ιιιιιι·
382 2523 557 2590 compertum
572 2521 626 2578 est

284 2623 506 2683 Atrebatemem
525 2624 642 2686 allocuti
664 2642 762 2686 sumus
770 2629 849 2702 ,qui
869 2642 923 2703 pro
945 2640 1025 2686 more
1046 2642 1098 2687 suc
1113 2576 1271 2701 respondit,
1296 2622 1367 2683 nihil

196 2728 292 2789 edisne
306 2727 414 2789 cesari
428 2745 517 2803 super
530 2736 631 2790 nostro
645 2734 762 2806 negotio
776 2733 898 2791 relatum
914 2748 991 2805 esse,
1015 2747 1069 2791 nec
1082 2732 1162 2791 illum
1176 2731 1282 2803 latere,
1299 2743 1367 2787 ιιι

196 2850 258 2893 sam
271 2819 400 2907 Philippi
419 2834 533 2893 comitis
546 2851 565 2892 ι
578 2835 699 2894 Nasson
714 2841 744 2895 et
766 2840 894 2897 nostram
915 2835 977 2895 iere
992 2836 1113 2895 eandem
1125 2850 1199 2894 esse.
1225 2834 1367 2908 Rogatus

196 2938 284 3011 rgrtur
287 2936 440 3016 (quomam
450 2937 489 2998 ud
502 2940 684 3012 imperatoris
697 2941 835 3014 palatium
851 2957 1018 3007 accessurus
1030 2943 1092 3016 jam
1106 2940 1188 3001 nobis
1197 2936 1368 3013 uideretur),

197 3042 290 3101 nostri
308 3042 489 3102 mentionem·
500 3042 609 3103 babere
629 3045 724 3105 vellet.
763 3044 938 3120 Respondit:
961 3044 1095 3106 Ριιιιιιι
1115 3050 1160 3105 tot
1174 3042 1241 3105 sunt
1253 3043 1369 3118 publica

197 3147 323 3223 negotis,
337 3152 370 3207 ut
383 3146 521 3209 lrsetenus
536 3150 572 3209 de
587 3151 713 3226 privatis·
722 3139 771 3225 agi
786 3150 856 3212 nihil
871 3150 1006 3225 potuerit,
1022 3154 1052 3211 et
1066 3152 1144 3211 iutra
1159 3149 1231 3210 duos
1246 3148 1308 3208 dies
1331 3147 1369 3207 ad

197 3254 399 3326 imperatorem
415 3270 547 3315 accessus
560 3248 631 3315 milri
645 3254 901 3317 ιιιῑιοιιιιιιιιι.
940 3252 998 3315 Sed
1013 3262 1110 3315 ιιιιιι
1124 3253 1241 3328 faciam,
1265 3252 1369 3314 faciam

197 3358 358 3433 imperator
372 3358 409 3419 de
422 3360 467 3419 bis
480 3358 661 3422 informetur.
686 3360 807 3421 carolus
822 3360 911 3435 igitur
925 3366 956 3421 et
965 3360 1098 3421 Eubulus
1112 3362 1238 3437 priorem
1252 3358 1368 3434 petitio·

197 3468 262 3521 nem
276 3469 426 3540 repetunt,
449 3482 513 3524 cum
528 3464 752 3541 significatione,
778 3465 856 3539 quod
879 3468 1003 3527 maximo
1017 3468 1144 3541 regionis
1159 3472 1190 3526 et
1203 3476 1301 3525 rerum
1315 3478 1368 3521 no·

196 3574 321 3627 strcrum
336 3567 486 3643 dispendio
501 3571 566 3628 istic
578 3576 691 3646 tempus
701 3576 870 3630 tereremus.
895 3571 1085 3645 Quamobrem
1100 3570 1128 3630 d.
1145 3583 1204 3629 suae
1219 3566 1369 3633 consilinm

154 3745 157 3748 Ι
197 3688 380 3746 rogaremus,
420 3690 488 3732 num
510 3659 749 3746 ipsi'c'onsnltum
776 3675 924 3735 videretur
949 3694 974 3736 ι1
987 3692 1112 3736 caesores
1133 3675 1283 3748 majestate
1306 3686 1369 3729 oum

197 3778 292 3850 ιιιιιι
315 3776 508 3836 dimissionem
531 3776 670 3837 mensium
696 3777 806 3852 aliquot
828 3783 942 3855 petere,
972 3780 1118 3841 reversuri
1137 3785 1170 3839 ut
1193 3780 1317 3854 primum
1340 3774 1370 3833 id

185 3882 270 3953 -jussi
283 3878 435 3955 lucrinus,
451 3887 483 3941 ιι
495 3882 697 3946 Atrebatensis
712 3884 766 3943 ait:
792 3882 876 3943 certe
892 3884 989 3945 Cesar
1001 3886 1057 3944 ιιι
1071 3900 1129 3944 ιιι
1143 3884 1278 3957 patietur.

287 3986 407 4046 Fratres
415 3988 507 4047 nostri
516 3988 631 4047 interim
639 3988 867 4049 Maximiliunnm
880 3988 981 4050 ducem
990 3991 1100 4065 adiere,
1111 3991 1160 4064 qui
1169 4004 1223 4065 pro
1238 3986 1368 4047 humani·

197 4094 259 4150 tate
274 4107 328 4151 sua
347 4106 399 4159 eos
418 4092 539 4151 audiens
560 4092 717 4154 clementer
732 4096 829 4154 omnic
843 4095 992 4167 promisit,
1017 4094 1094 4155 iorte
1109 4094 1168 4155 Titi
1189 4092 1370 4168 imperatoris

188 4196 320 4282 Ιιιιιιιιιι,
348 4197 489 4257 neminem
512 4202 646 4281 oportere
666 4216 685 4259 a
707 4198 781 4260 lucie
800 4200 938 4274 principis
959 4200 1071 4260 tristem
1093 4200 1183 4276 abire,
1206 4202 1302 4261 mente
1323 4213 1369 4257 re·

187 4300 305 4360 colens.
387 4321 389 4325 ’
633 4330 638 4335 .
1307 4332 1310 4335 ·

289 4405 419 4466 Eubulus
433 4403 511 4467 aedes
525 4400 638 4468 Nicolai
652 4408 748 4468 Maior
762 4411 847 4485 petit,
872 4408 933 4483 ejus
953 4408 1101 4470 consilium
1116 4407 1274 4469 eburnus.
1312 4404 1370 4466 Vo-

200 4510 301 4570 luisset
315 4510 429 4585 quidem
443 4514 491 4571 lric
505 4516 601 4573 omnia
618 4514 701 4575 uobis
721 4531 758 4574 ex
772 4516 846 4574 uotis
868 4514 985 4587 cedere3
1008 4514 1061 4575 sed
1076 4516 1125 4589 qui
1139 4502 1240 4590 lupum
1253 4510 1371 4573 auribus
