3017 5225
684 376 749 443 211

129 562 200 641 sunt
214 558 312 633 legati,
329 560 378 633 qui
393 559 467 619 hene
480 560 695 633 responsionem
710 574 843 643 casarea
855 560 1001 633 maiestati
1014 538 1167 643 referrent.
1193 556 1300 621 oncr-

127 664 254 725 reudum
263 650 565 754 et'ssuguineis'guttis
574 654 1070 741 deploraudnmsenatmcon'silinm.
1086 665 1222 736 Nondum
1228 667 1305 745 enim

130 770 315 844 plebiscitum
327 770 382 829 dici
395 776 506 846 potest,
524 788 590 831 nam
605 777 710 847 regnat
721 770 814 831 adhuc
828 770 958 831 domiuus
972 772 1003 830 in
1016 771 1121 852 pusillo
1137 786 1226 845 grege
1240 787 1304 832 suo.

161 913 168 935 ι
223 874 337 935 Deinde
351 854 532 939 ecclesiastes
547 877 627 938 urbis
640 875 846 950 convocarunt,
854 938 860 946 ,
869 875 938 951 quid
952 876 1145 958 concluserint
1159 881 1189 937 et
1202 893 1303 951 accep-

131 981 260 1041 taverint
274 979 517 1055 illisaperieutes.
549 982 655 1041 Verum
670 983 738 1055 quia
751 967 903 1056 filii'huius
915 982 1007 1042 seculi
1017 983 1102 1056 juxte
1117 980 1225 1061 Christi
1238 998 1304 1041 uer·

131 1085 201 1145 bum
215 1086 418 1159 prudentiores
434 1094 509 1162 suut,
526 1088 598 1159 alias
614 1104 716 1149 causas
729 1089 923 1176 pretendunt,
936 1086 1040 1160 iubent
1053 1094 1087 1148 ut
1099 1105 1154 1163 pro
1169 1089 1305 1149 οοιιοιοιιο

131 1197 216 1251 caute
231 1192 369 1265 loquendi,
379 1192 522 1274 radonem
543 1194 670 1255 habeant
688 1200 718 1255 et
739 1196 894 1269 diligenter
908 1201 1028 1255 caueant
1047 1212 1085 1255 ue
1098 1196 1146 1256 uel
1159 1210 1245 1270 pape
1254 1194 1305 1255 ¹uel

131 1298 289 1363 iuterimici
311 1301 418 1373 negotii
438 1294 539 1374 aperte
560 1302 732 1360 mentionem
750 1299 893 1373 facerent,
920 1301 973 1362 sed
992 1300 1112 1369 uerbum
1131 1279 1240 1364 domiui
1259 1301 1304 1359 iu·

132 1402 247 1477 trepide
259 1402 407 1489 docerent.
432 1406 480 1465 Sic
496 1421 532 1465 ex
546 1406 655 1471 Norica
669 1406 741 1467 urbe
756 1406 888 1471 Samaria
901 1404 979 1469 iacta
992 1413 1045 1467 est.

223 1507 414 1583 Cognovimus
438 1515 468 1569 et
487 1511 592 1603 ibidem
610 1512 652 1579 Μ.
673 1511 826 1597 Nicolaum
848 1510 962 1583 Gallum
976 1513 1213 1575 Retisbonensem
1236 1527 1304 1572 cou-

132 1614 310 1673 cionaterem
332 1620 398 1675 tuna
411 1615 487 1690 apud
509 1617 607 1678 Vitum
625 1632 679 1690 pru
700 1618 819 1677 consdic
839 1613 1036 1683 adamerario
1059 1618 1262 1690 Ratisbuueusi
1275 1622 1306 1677 et
1384 1673 1389 1697 ,
1496 1664 1499 1671 .

134 1718 318 1779 ecclesiarum
327 1712 502 1797 'presidibus
517 1724 643 1783 missum.
1001 1803 1007 1813 s

173 1833 177 1841 ’
225 1824 358 1890 Ebnerus
373 1805 461 1902 patei
479 1828 564 1901 bujus
588 1833 618 1892 et
630 1818 729 1887 ueram
752 1828 911 1915 doctrinam
923 1805 1116 1927 Nerinbsrpae
1131 1829 1307 1905 promulgari

120 1931 241 1991 vauthor
264 1934 360 1992 extitit
383 1938 413 1995 et
400 1931 604 1993 telectcribus
623 1934 734 2007 aliquot
753 1905 874 1994 eandem
894 1937 1023 2026 recipere
1043 1907 1196 2009 persuasit,
1218 1950 1308 1997 verax

135 2038 284 2111 religionis
300 2036 495 2106 ιιιιιιιιιιιοι.
535 2037 592 2101 Sed
606 2030 682 2097 filins
705 2039 781 2113 ejus,
805 2041 855 2113 qui
868 2020 953 2099 modo
973 2040 1119 2099 eonsmem
1133 2040 1204 2112 agit,
1228 2036 1307 2139 qnod

135 2131 224 2233 peter
239 2143 296 2201 huc
314 2143 411 2202 intulit
431 2141 510 2202 foras
532 2145 663 2203 extrusit.
702 2143 763 2205 Ita
771 2162 886 2218 quoque
905 2146 1053 2208 didicimus
1075 2144 1258 2204 Breutinm
1246 2126 1307 2215 pam

136 2248 261 2309 seeundo
281 2236 351 2322 fuga
369 2223 506 2322 elapsum.
546 2218 696 2311 (loniortet
716 2254 747 2309 et
767 2257 919 2314 conseruet
941 2268 1006 2311 eum
1032 2247 1200 2311 dominus
1180 2266 1213 2308 ιιι
1230 2249 1309 2310 omui

133 2353 198 2415 loco
213 2354 415 2415 dominationis
430 2356 501 2429 eius.
1250 2399 1253 2405 -

225 2442 413 2533 Huilpruunae
433 2462 527 2533 primo
549 2462 664 2521 interim
684 2462 758 2523 illud
775 2468 965 2538 acceptarunt
977 2453 1045 2525 vicu
1059 2462 1146 2523 tae'dio
1159 2417 1322 2552 Hispano-¹

135 2582 201 2627 rum
214 2566 345 2641 militum,
362 2584 381 2627 a
388 2567 508 2641 quibus
516 2568 620 2628 misere
635 2569 731 2630 venati
746 2574 823 2630 suut
967 2633 971 2639 ,

226 2672 254 2731 A
267 2673 524 2754 Rauspoueusrbue
539 2675 689 2748 responsio
704 2675 839 2748 exigitur,
861 2676 940 2748 quod
953 2675 1010 2735 nisr
1001 2674 1081 2734 tale
1095 2672 1191 2748 inerit,
1207 2622 1242 2730 ιιι
1254 2686 1309 2733 cae·

136 2779 198 2839 sari
212 2769 418 2854 pubescente
434 2778 509 2839 diem
523 2780 628 2840 Martis
643 2781 812 2855 proximam,
835 2778 932 2840 Caesar
953 2780 1023 2854 ipsis
1037 2780 1223 2853 Hispanicum
1236 2777 1309 2836 mili·

135 2886 208 2945 tiam
224 2889 255 2958 et
267 2883 420 2947 missurum
434 2890 465 2974 et
480 2886 660 2946 ecclesiastes
676 2886 737 2962 ipse
752 2885 958 2959 coherdturus,
973 2887 1030 2946 illis
1046 2887 1185 2946 minatur.-
1235 2933 1239 2947 .

196 3025 205 3058 a
229 2990 307 3052 liuta
329 2992 365 3051 de
385 2981 494 3065 pietate
517 2991 644 3066 Philippi
666 2991 846 3079 Pomeriauae
859 2993 954 3066 ducis,-
970 2993 1034 3066 qui,
1049 3008 1114 3067 cum
1127 2992 1196 3053 olim
1209 3005 1228 3049 a
1241 2989 1309 3049 Vito

138 3104 171 3158 et
186 3093 294 3180 eliis'ir'r
309 3099 430 3178 coruitiis
444 3101 683 3182 interrogaretur,
700 3098 837 3172 quidnam
852 3096 885 3156 0.
896 3098 926 3157 S.
940 3095 1096 3186 uideretur,
1113 3103 1182 3154 num
1196 3086 1265 3168 quid
1278 3094 1309 3152 iu

136 3203 277 3278 rengione
289 3203 399 3264 ibidem
420 3205 467 3279 agi
489 3191 753 3279 posse‘putaretnr,
769 3195 935 3276 respoudit:
955 3202 1027 3281 lion
1035 3185 1120 3261 uideo
1134 3202 1308 3260 hiccoutro-

135 3310 240 3390 yersiis
260 3308 370 3370 mederi
393 3310 440 3370 vel
459 3327 543 3383 posse
563 3310 708 3371 ueletiam
730 3309 957 3384 aliquemrelle,
987 3308 1045 3367 Ean
1059 3309 1138 3367 wirte
1152 3295 1310 3379 abundet

139 3415 234 3475 οιιοιιι
252 3413 324 3473 uber
346 3413 399 3475 der
418 3416 529 3499 bbwen
550 3415 668 3476 Decken
690 3415 770 3489 sitzt,
790 3414 856 3473 woll
870 3411 989 3494 ιιιοιιοι
1003 3418 1059 3472 ιιι.
1089 3413 1127 3473 ιι
1141 3412 1218 3498 enim
1231 3408 1309 3486 solus

139 3533 208 3577 uere
223 3517 307 3578 dicit:
333 3499 443 3596 Ocelum
458 3521 526 3580 ιιιιιιι
541 3520 624 3580 sedes
640 3524 727 3580 estet
740 3517 1059 3591 terra‘scabellumetc.
1105 3584 1108 3593 Ι
1243 3532 1249 3536 ·

197 3599 200 3610 ’
227 3623 278 3682 Ait
292 3601 375 3684 litus
391 3641 495 3707 senon
511 3624 660 3699 dubitare,
687 3626 758 3698 quin
768 3623 905 3684 domiuus
919 3624 1001 3696 brevi
1021 3622 1139 3709 aliquod
1153 3622 1311 3683 remedium

139 3727 202 3802 ipse
217 3731 374 3803 exeogbet,
398 3746 454 3803 quo
473 3707 593 3803 pusillus
613 3747 685 3804 grex
698 3729 820 3803 domini,
831 3730 893 3802 ,qui
908 3745 994 3802 quam
1012 3730 1143 3810 exignus,
1166 3729 1269 3803 inquit,
1293 3743 1312 3786 o

140 3847 244 3907 comes,
260 3831 373 3898 futurus
384 3839 451 3909 est,
461 3835 485 3894 si
500 3835 578 3926 tales
588 3835 772 3920 respublicae,
786 3832 1034 3908 utlloriuberga,
1049 3817 1321 3909 decessor-inquer-¹

140 3943 234 3998 uetur.
257 3935 335 3998 lllud'
346 3944 443 3998 aulem
459 3950 518 3999 non
532 3944 661 4000 nostrum
676 3945 721 4000 est
734 3944 825 3998 metas
840 3937 895 3998 deo
906 3937 1100 4017 uelteminos
1114 3937 1312 4011 prescribere,

140 4019 173 4103 et
185 4044 297 4104 interea
309 4045 447 4120 temporis
471 4046 595 4104 οιιιιοιιι
617 4060 681 4103 cum
695 4044 854 4104 cirinum
867 4044 1007 4117 patientia
1025 4042 1191 4103 instandum
1205 4047 1260 4117 est,
1283 4046 1314 4102 et

141 4151 198 4208 erit
212 4149 367 4224 aliquando
383 4157 495 4230 tempus
516 4167 590 4209 curn
599 4165 690 4210 cesar
703 4149 767 4221 haec
781 4166 813 4209 se
836 4165 894 4209 nou
907 4147 1009 4207 iecisse
1023 4147 1144 4222 optabit.
1183 4147 1314 4208 Tandem

142 4258 209 4328 post
222 4251 327 4315 multos
348 4255 425 4316 inter
444 4273 497 4315 nos
519 4254 634 4350 babitus
655 4270 812 4333 sermones
821 4270 958 4315 nuscum
978 4241 1186 4314 benedictione
1195 4251 1312 4326 dimisit,

142 4357 256 4435 dicens,
280 4375 311 4420 se
335 4342 420 4421 derum
442 4366 501 4434 opt.
521 4341 596 4422 meu
612 4364 810 4450 prestaturum,
832 4366 865 4436 ut
886 4376 932 4420 me
952 4360 984 4418 in
1003 4345 1201 4432 misericordie
1214 4373 1268 4420 sua
1281 4355 1313 4421 iu

139 4459 260 4564 (ιιιιιιιο
274 4466 463 4534 mustacium
467 4467 626 4532 conseruet.
990 4526 995 4533 ,
1088 4549 1090 4558 Υ

1028 4568 1103 4634 14*
