3017 5225
738 379 784 448 72

260 569 372 631 &dem
385 584 480 630 comcs
492 562 662 649 wilhelmus
676 570 777 627 mutuo
793 565 875 627 nobis
888 565 969 627 dedit
982 565 1145 642 qaindecim
1157 566 1351 635 fflnoomts

170 692 221 737 nes
236 660 386 737 Michaelis
405 672 580 749 suffraganei
597 669 828 745 Mognntinonsis
849 670 885 731 da
903 671 1084 733 sanctissima
1104 674 1201 750 missa,
1224 676 1347 737 adlicer!

258 780 380 855 animm
399 780 537 855 principis
557 777 677 851 alicujm
699 791 758 835 non
779 777 893 836 omnino
912 778 1029 852 pessimi
1047 780 1148 839 noxios
1168 782 1348 843 consiliarios

170 886 340 947 blichaelem
355 885 489 946 Judaeum
509 890 539 945 ct
559 884 700 944 loannem
715 880 851 949 1slobinm
871 882 1037 971 theologum
1058 900 1123 945 esso
1147 885 1228 947 dixit.
1268 888 1348 948 Proh

153 992 266 1066 dolor,
290 1006 352 1051 rem
367 1006 421 1051 acu
438 991 545 1064 tetigit.
1242 971 1245 977 ’

260 1096 350 1157 Libra
364 1096 521 1156 aromatica
535 1109 593 1155 una
607 1106 661 1169 pru
676 1074 803 1153 denariis
824 1092 936 1153 dnobus
955 1096 987 1155 in
1005 1095 1169 1158 molendino
1189 1097 1348 1159 nonsuoo

171 1201 366 1265 contunditur.
539 1192 543 1197 ’
1010 1190 1016 1206 '

260 1308 371 1369 Eadem
389 1322 484 1368 comes
499 1323 518 1367 a
531 1305 646 1365 Nassan
664 1306 803 1381 scriptum
824 1306 1022 1380 compromissi
1034 1306 1222 1382 landtgravin
1242 1314 1273 1369 et
1294 1325 1348 1370 sno

171 1412 266 1491 sigillo
281 1412 497 1474 corroboratum
511 1410 570 1471 suis
584 1408 758 1487 syngraphis
777 1394 968 1500 subscriptum
987 1413 1070 1473 nobis
1088 1413 1208 1473 remisit.
1238 1415 1349 1475 Verum

172 1518 350 1581 coloniensis
365 1535 460 1579 ceram
476 1523 505 1578 et
519 1532 675 1593 papyrum,
686 1502 750 1575 'sed
764 1532 823 1575 non
837 1516 992 1592 sigillum
1006 1523 1190 1592 apposuerat.
1220 1519 1349 1579 Potitum

172 1626 260 1701 igitur
275 1624 434 1697 consilinm,
450 1622 501 1682 sed
515 1628 612 1682 tanen
626 1626 736 1681 nuceto
751 1622 871 1683 oondlio
884 1638 950 1681 cnm
964 1622 1058 1697 sigillo
1073 1612 1185 1682 comitis
1199 1639 1219 1682 a
1232 1624 1349 1685 Nassan

171 1728 325 1789 fideremus
340 1742 438 1805 omnes
453 1707 484 1786 et
497 1726 591 1802 sigillo
607 1731 637 1786 et
650 1742 783 1786 mmnnm
804 1726 1014 1802 subscriptione
1034 1727 1115 1805 (licet
1133 1727 1228 1787 animo
1242 1726 1347 1804 invito)

172 1829 631 1909 smpsmnooeonnrmaumns.
981 1915 986 1919 ,
1224 1810 1230 1819 ’

176 2014 182 2020 .
261 1938 371 1999 Doctor
386 1935 507 1999 Carolus
526 1938 625 2011 flaret,
648 1938 812 1999 Joachimus
826 1936 914 2013 Hugh
934 1941 965 1997 at
978 1926 1151 1999 ltuootor
1170 1953 1205 1996 ac
1224 1937 1347 1999 Wilbel·

170 2060 235 2104 mus
250 2044 382 2105 Ketteler
402 2045 564 2120 mauricus,
589 2043 652 2121 (qui
662 2045 724 2119 jam
738 2045 769 2104 in
782 2040 947 2118 pontificem
961 2044 1217 2103 monasteriensem
1237 2031 1348 2103 elautus

172 2146 243 2226 cst),
269 2145 281 2185 ²
296 2148 395 2210 obvie
410 2149 490 2213 ducis
505 2149 661 2211 consiliarii
676 2147 783 2209 batres
797 2154 912 2209 nostros
927 2149 966 2209 ad
981 2164 1093 2208 coenam
1107 2154 1254 2209 somnone

260 2256 373 2315 Eadem
392 2254 580 2315 Wendelinns
607 2260 637 2315 et
657 2254 762 2313 Florus
783 2253 964 2314 archiducem
985 2253 1227 2324 Maximiliannm
1235 2253 1345 2331 adiere,

172 2362 221 2436 qui
236 2376 286 2421 eos
302 2361 457 2421 clementor
472 2359 591 2419 audiuit.
621 2358 812 2435 Respondens
826 2358 869 2420 illi
883 2358 973 2433 probe
988 2360 1133 2433 obvenire,
1155 2359 1235 2433 qnod
1248 2357 1347 2440 affinis

171 2482 240 2527 suus
255 2465 315 2526 dux
330 2462 427 2524 clivia
442 2479 506 2549 cnm
520 2466 583 2539 ipso
598 2463 635 2523 do
649 2464 799 2524 comitibus
813 2464 844 2523 in
857 2463 1002 2525 Waldeck
1018 2464 1130 2524 locutus
1143 2465 1191 2523 sit.
1220 2464 1346 2533 Paratus

171 2570 259 2638 stiam
274 2568 378 2643 omnia,
400 2564 466 2643 'qun
487 2567 526 2630 ud
545 2584 660 2629 oanmm
678 2568 827 2629 commoda
845 2574 921 2644 sunt,
944 2568 1050 2645 facere,
1073 2568 1185 2643 sibique
1199 2574 1344 2645 constare,

173 2675 209 2738 dc
224 2690 311 2735 causa
329 2679 429 2751 nostra
448 2674 541 2736 adhuc
562 2675 633 2734 nihil
653 2675 696 2735 ad
710 2676 913 2750 imperatorem
930 2675 1054 2740 relatum
1074 2691 1147 2737 osso.
1184 2677 1291 2736 Verum
1313 2692 1346 2736 so

171 2780 305 2841 daturm
320 2795 455 2868 operamp
477 2781 501 2840 si
516 2782 562 2841 vel
576 2783 639 2857 ipso
653 2782 708 2842 boc
723 2781 770 2844 die
784 2782 854 2857 quid
869 2779 982 2866 efficere
995 2786 1104 2863 posset.-

167 2893 182 2927 ,·
261 2886 416 2949 Wolradus
431 2893 534 2964 rogatu
548 2888 670 2948 macrum
684 2906 744 2954 uua
758 2905 823 2949 cnm
836 2895 940 2964 nepote
960 2889 1092 2950 Samuele
1109 2887 1215 2948 iratres
1234 2889 1272 2949 ad
1286 2887 1344 2948 cli-

172 3011 274 3058 vensos
288 2995 465 3056 consiliarios
480 3011 533 3070 pru
547 2993 649 3058 umbro
663 2996 868 3056 concomitatns
883 3001 936 3056 ast.
965 2995 1052 3079 Apud
1071 3010 1143 3069 qnos
1161 3012 1262 3061 mensa
1281 3001 1347 3056 arat

172 3102 291 3178 opipare
318 3101 472 3176 instructa,
506 3101 554 3162 ubi
582 3107 612 3161 ct
639 3100 848 3176 disputationes
870 3103 959 3162 varia
981 3104 1155 3177 inciderunt,
1183 3105 1214 3161 et
1234 3103 1346 3177 reperti

172 3212 240 3268 sunt
260 3206 355 3281 multi,
379 3207 429 3281 qni
448 3221 501 3266 nec
521 3206 642 3282 papistis
662 3208 786 3282 palmam
807 3223 860 3267 nec
880 3208 986 3267 nostris
1006 3190 1154 3268 victoriam
1172 3208 1344 3268 tribuerent.

171 3311 216 3372 Ac
237 3328 320 3372 nemo
338 3312 467 3373 muotnr.
501 3311 689 3388 sapientibus
711 3313 810 3373 mnndi
828 3314 868 3387 ,ab
889 3314 1007 3386 antiqno
1030 3329 1079 3373 rea
1098 3302 1202 3374 divinae
1223 3313 1348 3380 ridiculo

171 3415 298 3479 inerunt.
342 3418 453 3480 Aderat
478 3419 555 3479 inter
577 3424 698 3479 ooeteros
724 3397 801 3478 filius
821 3415 961 3478 Gothardi
989 3418 1093 3493 equitis
1115 3421 1211 3480 aurati
1231 3435 1250 3480 a
1271 3419 1345 3480 liet·

171 3525 245 3586 teler
259 3529 314 3584 etc.
1269 3546 1274 3550 ·

260 3627 416 3690 Doctorem
436 3626 570 3690 Garolnm
589 3626 764 3705 rogabamus
784 3634 831 3704 ut,
862 3631 888 3689 si
909 3633 989 3691 locus
1009 3631 1347 3714 concederetur,‘noslri
1381 3652 1384 3657 ’

165 3735 344 3804 ¹montionem
365 3734 444 3809 apud
462 3734 683 3795 Atrebatonsem
706 3732 824 3795 faceret.
863 3735 940 3795 Huic
959 3729 1120 3798 ‘consultum
1134 3727 1295 3813 uidebatur,
1319 3739 1346 3798 si

172 3823 315 3916 quispiam
330 3837 567 3900 subordinaratur
584 3833 606 3912 ²,
631 3839 680 3912 qni
703 3840 781 3914 apud
799 3841 946 3916 harpigias
966 3844 1038 3903 istas
1061 3844 1153 3904 multa
1167 3844 1207 3904 de'
1218 3859 1345 3920 pauper·
1395 3863 1401 3877 ’

172 3951 233 4008 tute
248 3949 347 4005 nostra
362 3943 472 4004 diceret
486 3959 521 4004 ac
534 3944 664 4006 redditus
679 3949 794 4005 nostros
809 3951 987 4008 extenuaret.

169 4134 174 4142 ¹
246 4049 351 4123 Dm,
373 4049 468 4110 nescio
488 4045 546 4123 quo
565 4051 719 4126 obeuntes,
742 4050 868 4128 hospitio
887 4054 1068 4130 abessemns,
1093 4055 1172 4117 uenit
1196 4038 1346 4128 quimm'e

172 4156 282 4218 samita
301 4155 434 4214 comitum
453 4154 489 4216 de
508 4155 744 4248 Manderscheid,
770 4157 823 4217 der
843 4157 1061 4240 memoriale
1081 4162 1205 4236 nomina,
1221 4163 1271 4237 qni
1294 4162 1346 4236 ait,

176 4259 305 4322 dominos
320 4276 396 4334 suos,
417 4259 498 4334 equod
511 4260 650 4337 Angusta
659 4345 662 4350 Ι
672 4264 734 4339 sim,
748 4263 884 4338 'latuisse
909 4265 981 4324 alias
995 4262 1070 4326 lorte
1088 4267 1166 4342 ipsos
1181 4267 1220 4327 ad
1234 4284 1280 4327 me
1294 4264 1345 4328 de·

671 4412 695 4438 -χ
750 4395 767 4430 *

231 4481 244 4528 1
265 4458 320 4552 bas
338 4475 396 4529 hier
414 4477 645 4547 singulum-merse
663 4480 733 4546 steht
749 4483 779 4538 in
797 4477 844 4534 der
860 4482 900 4535 ba.
917 4498 959 4534 am
974 4481 1063 4536 rande.
1101 4486 1116 4532 i
1135 4482 1346 4538 subornaretur?

1484 821 1485 830 t

1482 907 1487 998 l

1486 1020 1487 1039 l

1486 1043 1487 1058 l
