3017 5225
775 436 819 504 10

207 633 275 679 oaro
290 622 320 679 et
334 620 451 695 sanguis
466 618 538 681 nibil
558 626 666 696 praeter
683 619 833 695 puluerem
851 635 936 682 suum
956 622 1061 698 sapiat,
1084 627 1124 698 ts,
1145 621 1262 684 domine
1280 631 1380 686 sanote

207 728 300 800 pater,
322 725 477 787 humillime
497 725 684 801 deprecamur
704 728 856 803 ingruente
871 744 946 787 nuno
960 728 1140 803 necessitate,
1165 728 1203 788 da
1223 728 1306 789 nobis
1324 729 1380 791 tibi

206 826 297 889 fidere
316 835 404 906 atque
423 838 457 891 ut
472 833 558 906 iuxta
577 836 658 891 tuum
677 833 878 907 praescriptum
897 835 928 892 in
946 832 1060 892 silentio
1081 838 1111 892 et
1130 848 1182 906 spe
1201 836 1311 895 animus
1328 852 1379 897 no-
1473 862 1495 884 ν

206 939 282 996 stras
295 936 500 1012 possideamus,
511 952 564 1013 per
578 937 678 998 Jssum
692 937 837 997 Christum
853 937 998 998 dominum
1012 942 1153 1011 nostrum,
1168 939 1219 1011 qui
1232 940 1306 1001 uiris
1321 946 1378 1003 eto.

295 1058 345 1116 xm
372 1042 482 1118 Aprilis
506 1058 524 1103 a
550 1042 755 1117 Weissenburg
777 1041 988 1103 Donowerdam
1007 1039 1130 1116 profecti
1152 1057 1258 1103 sumus.
1299 1046 1381 1107 Inter
1494 1081 1495 1090 κ

206 1147 462 1223 Weissenburgum
482 1151 512 1206 et
531 1146 667 1206 Werdam
688 1146 725 1207 ad
739 1146 903 1207 Danubium
921 1151 966 1206 est
980 1145 1126 1206 Munbeim
1140 1146 1287 1224 oppidum,
1311 1151 1380 1210 olim
1494 1223 1495 1240 3

207 1252 287 1312 duois
307 1251 419 1312 Ottonis
438 1252 557 1311 Henrioi
576 1250 702 1311 Palatini
722 1251 839 1327 Bauari,
862 1268 920 1325 quo
940 1267 1005 1311 eum
1024 1249 1145 1311 Carolus
1165 1250 1388 1315 0111111111-

206 1361 315 1416 sertum
333 1358 511 1433 evangelium
533 1371 595 1415 oum
617 1356 729 1429 reliqua
749 1356 859 1415 ditione
879 1358 959 1417 exuit
978 1372 1056 1417 anno
1079 1358 1175 1417 1547.
1212 1358 1268 1420 Est
1286 1364 1316 1420 et
1330 1360 1380 1422 ab·
1494 1357 1495 1386 ³

205 1464 286 1525 batia
299 1462 430 1523 Keitzen.
1494 1499 1495 1504 κ

294 1568 349 1627 Est
368 1573 398 1627 et
411 1568 487 1627 inter
501 1565 648 1627 Manbsim
667 1571 697 1627 et
711 1566 918 1642 Weissenburg
937 1583 1029 1643 pagus
1049 1567 1181 1643 dulberg,
1203 1569 1282 1629 inter
1295 1584 1381 1643 quem
1494 1625 1495 1644 ,

206 1679 236 1735 et
255 1673 378 1733 alterum
396 1688 502 1746 pagum
521 1671 684 1731 Niderbaob
703 1669 835 1731 fluviolus
855 1672 962 1733 Ursule
981 1676 1034 1733 eat.
1069 1674 1104 1731 In
1123 1676 1178 1733 boo
1191 1671 1288 1749 fluuio,
1312 1673 1381 1734 dum
1494 1733 1495 1742 ,

205 1780 322 1853 equatio
336 1775 560 1852 fit„oabollnlus
575 1791 655 1837 meus
670 1778 701 1836 in
716 1774 833 1839 1111111111
854 1778 1013 1838 subsidens.
1044 1778 1107 1853 Ego
1127 1780 1225 1854 itaque
1245 1795 1312 1840 mor
1330 1778 1381 1840 de·
1494 1757 1495 1780 ¹

205 1886 302 1945 sidens
317 1881 356 1943 ad
369 1883 471 1942 lavam
486 1882 516 1941 in
534 1883 729 1958 peristropbio
749 1884 841 1943 altera
860 1882 933 1943 tibia
950 1882 1079 1958 pendens
1093 1889 1124 1944 et
1141 1885 1317 1945 scabellulo
1330 1884 1381 1944 loe·
1494 1885 1495 1948 3

205 2007 254 2051 sus
275 1996 306 2050 et
324 2004 401 2062 aqua
420 1986 583 2048 submersus
604 1985 730 2063 fuissem,
754 1990 785 2047 ni
804 1989 860 2048 Dei
880 1989 1008 2049 bonitate
1028 1994 1059 2049 et
1080 2005 1171 2064 opera
1184 1989 1323 2051 Ludouiei
1337 1988 1380 2050 ia·
1494 1973 1495 2020 ³

205 2095 276 2156 muli
297 2095 368 2170 mei,
402 2093 540 2154 Samuelis
565 2110 678 2170 quoque
701 2095 757 2153 mei
777 2095 892 2168 nepotis
914 2098 944 2152 et
965 2091 1087 2153 batrum
1108 2095 1216 2155 auxilio
1237 2096 1269 2155 iu
1291 2095 1380 2169 pedes
1494 2159 1495 2164 ,

205 2201 352 2275 oonjootus
372 2205 402 2260 et
424 2199 544 2261 ednotus
565 2198 706 2259 fuissem
728 2197 902 2260 Benedictus
922 2197 1053 2259 dominus
1073 2200 1162 2275 Deus,
1185 2203 1236 2275 qni
1256 2216 1310 2261 nos
1332 2216 1380 2261 ex·

204 2306 294 2369 traxit
309 2322 346 2368 ex
360 2308 443 2380 aquis
458 2306 564 2365 multis.
1494 2365 1495 2398 1

293 2409 463 2471 Donuerdae
478 2409 557 2484 apud
571 2407 755 2470 Leonardum
771 2408 1031 2472 Widdenmaroker
1049 2412 1080 2471 in
1100 2412 1206 2487 insigni
1223 2411 1316 2473 leonis
1331 2411 1380 2472 de-
1494 2421 1495 2492 j

204 2516 309 2591 aurati,
332 2516 363 2574 in
382 2530 416 2574 oo
437 2514 572 2589 hospitio,
597 2531 654 2588 quo
678 2512 827 2575 Cattorum
849 2516 982 2591 princeps
1004 2523 1033 2578 et
1048 2516 1185 2578 'dominus
1205 2524 1305 2577 noster
1323 2517 1380 2577 ole-
1494 2553 1495 2574 1

203 2622 396 2682 mantissimas
416 2621 588 2694 captiuitatis
608 2637 667 2680 suas
689 2619 883 2681 hebdomadas
904 2624 1002 2683 decem
1023 2629 1054 2684 et
1070 2639 1173 2685 nouem
1186 2627 1378 2698 transegerat,
1494 2660 1495 2697 5

203 2727 341 2803 hospitati
360 2741 466 2785 sumus.
502 2725 536 2784 ln
557 2724 658 2786 eodem
677 2726 803 2800 bospitio
824 2728 958 2803 princeps
977 2729 1172 2804 insumpserat
1186 2729 1243 2789 duo
1257 2729 1336 2788 milia
1350 2733 1380 2790 et

203 2837 334 2894 11111111
347 2829 532 2893 florenorum.
568 2829 692 2890 Domina
710 2831 845 2906 princeps
863 2838 964 2894 nostre
984 2832 1062 2909 apud
1083 2833 1205 2894 eundem
1225 2833 1377 2912 hospitem,
1494 2818 1495 2887 3

205 2941 272 3030 dum
287 2937 447 3014 Augustam
467 2935 609 3011 tenderet,
633 2936 694 2996 dies
713 2936 812 2996 decem
834 2945 864 2999 et
878 2946 1003 3013 quatuor
1017 2944 1129 3000 morata
1142 2946 1198 3000 est.
1224 2941 1263 3001 lu
1277 2940 1378 3002 eodem

203 3044 329 3119 hospitio
345 3041 526 3103 veredarium
541 3040 675 3101 nuncium
689 3042 770 3102 duois
785 3044 915 3104 Mauritii
930 3044 1073 3105 Eleetoris
1087 3045 1255 3106 invenimus.
1494 3100 1495 3139 4

210 3183 213 3195 ν
291 3147 400 3208 Eadem
421 3149 558 3222 magister
577 3147 691 3223 Florus,
716 3162 802 3222 quem
821 3149 980 3224 lagueum
999 3152 1238 3225 promiseramus,
1262 3150 1378 3212 werde
1494 3174 1495 3237 ,

203 3255 242 3316 ad
255 3253 419 3314 Danubium
438 3253 520 3315 nobis
535 3254 648 3314 obuiam
666 3252 708 3330 fit,
731 3254 872 3330 indicans,
897 3257 947 3330 qui
961 3272 993 3316 se
1013 3272 1061 3315 111
1075 3254 1214 3329 Augustae
1228 3255 1376 3316 haberent.
1494 3244 1495 3329 ζ

293 3361 409 3422 Werdae
431 3363 461 3421 in
480 3360 665 3420 hibernaculo
686 3365 716 3419 et
734 3361 834 3436 cubili,
858 3363 908 3422 ubi
929 3363 1062 3436 princeps
1082 3367 1181 3422 noster
1200 3362 1378 3422 mansionem

204 3483 285 3526 suam
298 3467 452 3540 habuerat,
476 3465 724 3540 pernoctabamus.
792 3491 806 3499 r
947 3534 950 3539 ¹

291 3571 430 3647 Augustas
445 3587 503 3630 una
514 3587 581 3630 oum
597 3570 767 3632 (boloniense
781 3572 812 3629 in
826 3587 879 3631 nos
894 3573 1019 3647 querelis
1039 3576 1069 3631 et
1087 3570 1161 3632 dolis
1175 3571 1280 3631 armati
1294 3575 1378 3631 111111

203 3677 388 3769 blainolpbus
410 3677 454 3736 bis
476 3675 615 3751 profugus
638 3675 816 3736 Fleohtorffii
839 3677 943 3750 abbas,
966 3677 1097 3737 consules
1119 3675 1375 3752 Vololunarienses,

203 3782 327 3843 barones
342 3782 378 3842 de
393 3781 522 3856 Beureu,
546 3781 792 3862 Breidslarienses
806 3782 953 3856 monaehi,
976 3781 1126 3856 Batborgii
1143 3787 1198 3842 eta.

291 3886 318 3946 A
334 3886 443 3949 Werda
457 3886 643 3961 Neuburgurn
663 3903 716 3946 111
737 3885 848 3945 ducalis
868 3890 900 3945 et
913 3886 1049 3961 oppidum
1063 3887 1295 3964 amoenissimum,
1319 3906 1376 3963 quo

203 3994 316 4070 etipse
340 3992 438 4052 oaesar
460 3991 614 4051 otthonem
635 3991 793 4051 1111111111
813 3992 908 4064 exet,
933 3993 1167 4053 1111111111
1187 3993 1254 4054 nra.
1290 3994 1332 4054 11
1351 3995 1376 4054 rs
1494 3968 1495 4055 J

202 4100 282 4161 loeus
298 4105 343 4160 est
357 4099 413 4158 divi
430 4097 551 4157 Joannis
566 4097 660 4156 Diazii
675 4098 799 4172 Hispani
812 4097 952 4171 martyrio
967 4115 1058 4159 saoer.

292 4206 326 4264 In
340 4204 394 4264 boo
409 4201 544 4279 oppidulo
559 4202 725 4263 babitarent
738 4201 843 4264 batres
858 4203 981 4264 Amoldi
996 4205 1144 4279 seoretapii
1166 4205 1271 4266 dueum
1283 4204 1375 4265 Boua·

203 4312 264 4371 rias.
296 4310 408 4368 Horum
423 4308 499 4368 aedes
514 4306 611 4368 Oaesar
626 4307 753 4370 funditus
769 4310 832 4371 looo
847 4309 977 4370 demoliri
998 4316 1028 4370 et
1046 4327 1193 4387 uunquam
1206 4308 1376 4371 reaedificari
1494 4382 1495 4401 χ

203 4433 257 4492 per
271 4413 420 4474 heraldum
436 4413 533 4474 edixit.

293 4519 428 4583 Relatum
442 4521 523 4582 nobis
538 4527 583 4583 est
597 4520 703 4585 ibidem
718 4521 754 4582 de
767 4522 863 4584 duello
875 4522 993 4598 pugnali
1001 4519 1330 4595 Georgiietldelobioris
1337 4521 1374 4582 N.
