3017 5225
722 444 768 510 83

156 634 289 704 tempore
302 631 470 707 tentationis
485 629 539 688 hoo
553 620 698 688 recedant
722 628 758 686 Id
772 633 801 686 te
815 641 950 699 rogamus
964 642 1017 701 per
1026 623 1176 686 Christum
1186 623 1329 694 domiuum

52 815 55 824 Ι
157 739 298 794 nestrum
322 735 423 794 Amen.

247 840 370 928 xij-Maii
385 841 415 898 in
431 841 537 914 templo
546 814 689 899 minorum
697 839 857 898 audivimus
867 819 1010 928 quendam
1021 838 1129 900 anobis
1139 837 1261 912 antehac
1273 853 1331 898 non

157 945 261 1018 visum,
285 945 335 1016 qui
357 949 388 1003 et
406 945 538 1004 doctrina
556 950 586 1004 et
607 947 737 1004 oratione
755 960 814 1003 non
835 945 968 1005 indoctus
982 944 1142 1005 videbatur.
1196 941 1332 1016 Praelegit

157 1055 256 1109 autern
271 1049 400 1109 ecclesiae
416 1067 452 1109 ex
465 1051 567 1125 prima
579 1051 702 1110 loannis
716 1048 846 1123 epistolae
856 1049 950 1124 capite
961 1053 979 1108 2
989 1049 1163 1108 haeverba:
1190 1048 1236 1106 «Ε
1249 1047 1332 1106 nabis

159 1153 282 1228 proiecti
296 1159 373 1228 sunt,
388 1155 441 1214 sed
455 1171 514 1214 non
530 1159 665 1215 oranter
674 1156 764 1215 nobis.
811 1157 886 1215 Nam
901 1157 925 1215 si
948 1154 1071 1216 luissent
1093 1173 1129 1214 ex
1144 1135 1240 1228 nobis,
1264 1169 1330 1229 per·

159 1243 332 1320 mansissent
346 1262 448 1333 utique
462 1263 618 1335 nobiscum,
631 1261 684 1321 sed
698 1244 731 1320 ut
744 1259 888 1320 manifesti
901 1259 1014 1335 fierent,
1031 1262 1109 1336 quod
1123 1277 1182 1321 uon
1197 1261 1256 1319 sint
1270 1275 1330 1318 om·

159 1346 378 1426 nmexnobis.»
403 1365 516 1426 Deinde
530 1369 586 1427 ait:
603 1365 779 1441 charissimi,
795 1349 842 1426 hic
856 1383 1015 1441 monemur,
1028 1367 1133 1426 mirum
1143 1367 1225 1425 nobis
1241 1363 1332 1424 videri

160 1487 220 1530 non
234 1470 349 1545 debere,
366 1473 391 1530 si
405 1473 535 1531 nonnulli
549 1477 579 1531 et
600 1472 655 1531 hoc
677 1478 807 1545 tempore
822 1489 840 1531 a
854 1472 937 1532 nobis
952 1472 1098 1546 recedunt,
1121 1471 1170 1544 qui
1185 1470 1332 1530 nobiscum

162 1577 349 1650 Evangelium
366 1576 490 1650 amplexi
504 1574 635 1650 merant,
658 1576 726 1637 dnm
739 1573 862 1650 idipsum
877 1553 1006 1652 tempore
1021 1574 1128 1635 Christi
1143 1582 1172 1635 et
1186 1574 1330 1650 apostolo·

161 1697 225 1740 rum
240 1681 379 1744 accidisse
393 1682 550 1743 videamus.
574 1681 690 1754 Magnae
705 1688 802 1740 autern
816 1681 1006 1758 consolationi
1025 1682 1106 1740 nobis
1125 1681 1172 1754 sit,
1196 1678 1272 1752 quod
1287 1677 1330 1738 di·

162 1787 217 1843 cit:
246 1776 317 1844 «sed
332 1802 368 1844 ex
383 1784 466 1844 nobis
481 1803 539 1845 nen
554 1793 634 1865 sunt,
651 1802 750 1845 verum
766 1791 798 1844 ut
812 1785 1038 1861 manifestentur,
1061 1787 1110 1859 qni
1126 1801 1162 1844 ex
1176 1784 1258 1844 nobis
1273 1799 1332 1844 non

161 1883 268 1952 sunt»'
284 1890 441 1963 Nunquam
456 1892 502 1949 eni
512 1889 678 1950 mex‘eorde
692 1892 844 1950 veritatem
863 1891 1005 1966 evangelii
1018 1895 1214 1964 susceperunt,
1232 1896 1261 1948 et
1275 1888 1329 1948 sci·

160 2012 224 2054 mus
240 1997 380 2069 ejusmodi
393 1995 506 2057 futuros
521 2002 552 2055 et
566 1997 710 2056 dominum
726 2001 757 2055 et
770 1997 915 2069 apostolos
930 1997 1108 2071 praedixisse.
1147 1995 1331 2054 Potissimum

161 2114 231 2162 vero
253 2102 332 2160 hisce
353 2101 460 2161 ultimis
479 2101 655 2176 temporibus
679 2101 720 2158 sic
740 2099 920 2159 manifestari
945 2103 1073 2175 oportuit
1092 2101 1187 2172 odium
1209 2098 1280 2158 Cain
1300 2099 1332 2157 in

161 2205 282 2266 tratrem
297 2208 443 2266 innoxium
458 2205 585 2267 Ahelem.
621 2207 680 2292 ‘Sic
694 2207 903 2267 inhonestatem
920 2205 1008 2264 cham
1022 2205 1053 2262 in
1068 2202 1224 2263 deridendo
1239 2191 1345 2276 turpi-1

161 2311 292 2370 tudinem
307 2313 399 2386 patris
414 2311 514 2385 Noah,
539 2313 580 2370 sic
602 2328 716 2385 quoque
736 2313 848 2370 animus
870 2327 1021 2385 perversus
1044 2311 1136 2391 Saulis
1155 2309 1280 2369 innotuit
1301 2309 1332 2366 in

161 2416 362 2491 persequendo
377 2417 516 2492 optimum
530 2416 684 2491 Davidem,
710 2423 739 2475 et
759 2432 809 2474 cor
823 2403 907 2504 dudae
929 2415 1085 2491 proditoris
1104 2416 1133 2473 iu
1152 2415 1332 2474 innocentem

162 2520 316 2580 (hristum.
340 2522 381 2580 Et
395 2539 555 2595 quanquam
573 2522 704 2593 dominus
716 2522 799 2598 'diem
824 2523 971 2597 statuerit,
993 2523 1043 2595 qui
1058 2537 1111 2606 nec
1125 2522 1226 2596 procul
1240 2520 1333 2594 abest,

161 2629 192 2686 in
208 2644 265 2701 qua
280 2633 452 2693 cunctorum:
463 2628 519 2686 erit
531 2627 678 2701 iudicium,
702 2633 799 2687 tamen
822 2628 902 2702 prius
923 2629 1080 2701 nequitiam
1095 2609 1234 2687 malornm
1250 2627 1334 2709 dcco·

161 2739 292 2807 opertam
307 2732 377 2807 vult,
393 2738 427 2792 ut
441 2748 628 2807 agnoscamus
643 2734 793 2791 venitatem
810 2733 950 2791 dictorum
966 2732 1088 2793 Christi:
1112 2732 1193 2791 Nihil
1209 2738 1252 2790 est
1266 2731 1331 2791 abs·

161 2836 320 2913 conditum,
355 2820 432 2911 quod
455 2855 514 2897 non
537 2841 681 2897 reveletur
700 2839 815 2898 domino
841 2839 894 2898 deo
915 2844 1013 2898 nostro
1029 2837 1182 2897 scrutatori
1205 2836 1333 2895 cordium

162 2929 193 3003 et
210 2942 361 3017 probatori
379 2960 495 3016 renum,
521 2960 557 3002 ne
577 2944 719 3016 cogitatas
740 2942 855 3016 quidem
874 2950 988 3004 nostros
1011 2946 1084 3003 clam
1099 2960 1170 3002 esse.
1209 2942 1288 3002 Sicut
1302 2942 1331 3000 in

162 3047 286 3121 Saphira
301 3053 330 3107 et
346 3038 631 3108 duaniaactorumd
647 3028 859 3123 apparuitqui
874 3050 1025 3110 subitanea
1039 3052 1069 3109 in
1085 3050 1266 3123 correptione
1280 3062 1334 3120 per
1388 3112 1390 3117 ,

162 3153 282 3211 Petrum
296 3154 453 3226 perierunt.
474 3154 633 3227 Discamus,
644 3155 746 3227 inquit,
763 3156 872 3213 cautius
887 3156 1018 3228 mercari,
1035 3160 1065 3212 et
1080 3159 1206 3213 actorum
1222 3157 1334 3212 nostro·

162 3258 378 3317 rumrationem
387 3258 551 3318 habeamus.
576 3255 633 3317 Sed
648 3260 715 3331 quia
730 3257 761 3317 id
772 3274 808 3317 ex
817 3260 979 3332 nobisipsis
991 3273 1050 3315 non
1065 3272 1223 3330 possumus,
1239 3255 1334 3343 Deum

163 3357 371 3423 ardentissimis
386 3364 460 3423 rotis
475 3366 629 3439 pulsemus,
646 3380 702 3437 quo
717 3363 850 3437 spiritum
864 3378 946 3420 suurn
968 3363 1076 3421 bonum
1091 3361 1173 3419 nohis
1189 3360 1285 3431 donet,
1302 3364 1334 3418 ut

161 3466 195 3525 in
208 3464 354 3539 agnitione
370 3474 399 3529 et
413 3466 590 3529 confessione
605 3468 713 3528 Christi
727 3467 870 3527 constanti
884 3465 941 3525 fide
957 3480 1183 3540 permaneamus.
1214 3463 1276 3521 Nec
1291 3459 1333 3520 oi-

161 3570 314 3631 fendamur
339 3574 469 3649 exemplo
490 3560 678 3633 recidentium
698 3573 736 3632 ad
751 3572 878 3647 seculum
903 3573 982 3631 etin
1004 3571 1164 3631 tentatione
1187 3568 1335 3628 nobiscum

162 3678 320 3750 persistere
340 3680 506 3738 nolentium.
539 3679 683 3753 Rogemus
699 3680 782 3751 item,
805 3684 837 3736 ut
847 3678 970 3738 ¹verbum
990 3692 1073 3735 suum
1087 3675 1169 3735 nobis
1185 3674 1291 3733 diutius
1307 3680 1337 3731 et

157 3782 328 3855 relinquere
343 3764 373 3843 et
385 3784 528 3858 impartiri
545 3784 688 3857 dignetur.
712 3783 854 3858 Attouda,
871 3783 1030 3859 oprudeus
1046 3780 1245 3852 christisequa,
1261 3776 1335 3838 hanc

163 3884 321 3954 clausulam
337 3904 394 3946 non
410 3890 461 3947 abs
477 3905 510 3947 re
525 3904 546 3947 a·
558 3889 808 3949 concionatoribus
822 3888 998 3961 Augustanis
1014 3885 1195 3945 concionibus
1210 3889 1240 3943 et
1254 3883 1336 3943 obse·

162 3993 341 4053 orationibus
356 3995 455 4068 populi
469 3994 566 4068 adjici,
582 3995 607 4051 si
621 3996 746 4052 animum
761 3997 859 4053 vertas
870 3998 899 4051 ct
908 3990 1094 4064 retrospicias
1109 3988 1146 4048 ad
1161 3984 1334 4063 pontificium

162 4101 194 4156 et
208 4096 418 4171 Epicureorum
432 4098 568 4159 subdolos
580 4104 713 4172 bonatus,
728 4102 877 4171 potentum
892 4094 1053 4155 vecordiam
1069 4100 1098 4153 et
1112 4094 1191 4167 vulgi
1206 4091 1335 4150 christia·

163 4218 268 4274 norum
283 4202 333 4281 (de
348 4204 383 4262 iis
397 4205 516 4278 loquor,
542 4204 591 4276 qui
612 4204 690 4277 vulgi
709 4202 856 4275 ingenium
877 4204 1050 4274 sequuntur,
1073 4197 1337 4288 etiamsitrisreges

163 4309 225 4366 siut
238 4305 285 4368 ‘sel
305 4306 462 4384 principes)
484 4309 523 4368 ad
543 4306 713 4370 dntichristi
736 4325 806 4383 opes
816 4308 1007 4381 respicientis,
1031 4311 1060 4365 et
1073 4304 1104 4367 id
1119 4303 1197 4379 apud
1212 4312 1270 4375 eos,
1287 4300 1336 4373 qui

164 4412 293 4487 potiores
308 4414 384 4480 inter
403 4430 455 4472 nos
474 4413 566 4473 videri
585 4413 694 4472 volunt.
732 4412 796 4470 Hoc
812 4412 888 4471 (latti
910 4412 952 4499 illi
974 4416 1004 4469 et
1018 4410 1168 4483 diligentes
1184 4405 1265 4466 verbi
1279 4402 1336 4462 Dei

165 4516 381 4591 dispensatores
395 4517 512 4591 ly-ncreis
527 4519 616 4577 oculis
631 4501 818 4592 prospiciunt.
849 4516 918 4575 ideo
934 4514 1051 4575 oviculis
1067 4514 1225 4579 acclamant
1240 4517 1270 4569 et
1285 4524 1333 4568 cas

1072 4620 1089 4675 6
1107 4616 1122 4648 U
