3017 5225
749 386 791 469 ,⁷¹

179 590 257 637 cere.
296 571 355 635 Sed
375 572 490 633 inimico
513 586 549 631 ex
570 570 665 632 enirm
686 570 725 631 ob
747 568 892 633 curatum
913 571 1071 647 ignovisse,
1094 552 1243 649 hocopus
1264 579 1359 635 estet

177 674 251 743 'vere
266 680 371 744 bonnm
387 685 418 739 et
430 677 495 738 Deo
510 689 624 752 quoqne
640 680 798 751 occeptum.
830 678 897 737 Non
918 683 964 737 est
982 677 1058 739 enirn
1077 679 1171 739 cultus
1190 679 1247 741 Dei
1265 678 1358 741 solum

180 787 213 845 in
227 785 335 861 templo
350 798 421 859 esse,
445 782 551 845 ibidem
559 791 701 843 ‘orereac
721 798 788 842 mox
802 798 821 842 a
834 784 936 858 eacus,
957 784 1094 858 quicquid
1112 786 1142 845 in
1162 791 1288 847 mentem
1307 801 1356 849 ve·

181 892 268 967 uerit,
291 894 471 967 perpetrare,
495 888 579 963 quasi
589 889 650 961 jam
664 902 754 961 penso
769 887 937 963 persoluto,v
951 901 1130 964 quaecunque
1143 890 1358 969 libentiacere

180 998 281 1071 liceat,
305 996 379 1073 siunt
393 978 490 1054 iudai
504 978 677 1053 clamabant:
701 991 852 1067 Templum
866 992 982 1067 domini,
1003 994 1141 1070 templum
1156 995 1270 1068 domini,
1286 1004 1357 1059 tam·

180 1102 262 1181 plum
283 1102 397 1175 domini,
421 1116 485 1160 cum
498 1098 578 1159 Deus
598 1099 655 1157 isto
668 1114 727 1157 non
742 1098 880 1174 exigeret,
903 1099 1087 1173 minitans'et
1100 1107 1214 1161 terrens
1227 1102 1357 1177 exemplo

181 1206 285 1267 dirutae
302 1206 393 1266 Siloes
408 1210 462 1265 etc.
499 1203 635 1278 Adduxit·
648 1219 762 1278 quoque
784 1202 812 1262 d.
833 1204 936 1265 iacobi
957 1207 1080 1279 apostoli
1099 1207 1193 1269 locum
1211 1207 1315 1269 iacobi
1328 1208 1356 1268 1:
1371 1284 1375 1289 ι

172 1311 295 1387 ¹Religio
314 1327 389 1385 pura
408 1315 438 1369 et
459 1310 641 1369 immaculato
661 1307 740 1390 apud
763 1305 856 1368 Deum
877 1314 908 1367 et
928 1315 1042 1383 petrem
1062 1313 1124 1372 bec
1145 1318 1203 1388 est,
1225 1305 1357 1374 'insieme

180 1416 326 1492 orphanos
342 1420 372 1475 et
385 1415 487 1476 viduas
501 1416 532 1475 in
546 1411 701 1475 afflictione
716 1431 778 1489 sne,
801 1414 1013 1475 immaculatum
1031 1433 1063 1478 se
1082 1419 1176 1492 ipsum
1190 1435 1306 1482 servare
1320 1419 1357 1481 de

180 1522 297 1583 mundo.
336 1522 404 1581 Non
426 1522 465 1597 is,
489 1521 545 1595 ait,
569 1519 664 1607 cultus
685 1516 749 1580 Deo
770 1520 888 1594 placens
908 1525 967 1595 est,
990 1523 1118 1595 quotidie
1139 1524 1220 1583 adire
1238 1525 1355 1600 templa,

148 1664 154 1671 -
181 1628 311 1703 quotidie
326 1642 416 1688 sectae
438 1627 566 1685 concioni
586 1626 741 1700 interesse,
765 1629 796 1685 et
814 1611 882 1685 mox
901 1624 984 1687 finita
1006 1630 1143 1704 concione
1164 1629 1256 1691 auditi
1276 1628 1358 1691 verbi

181 1750 236 1793 nec
249 1731 383 1793 habuisse
398 1720 549 1806 rationem,
565 1748 618 1793 neo
632 1717 807 1817 meminisse
836 1730 895 1793 Sed
909 1748 979 1791 vcra
994 1731 1097 1807 religio
1111 1734 1142 1794 iu
1155 1732 1214 1793 tide
1227 1735 1258 1794 in
1273 1732 1355 1795 chri·

182 1843 268 1913 stum,
283 1839 314 1897 in
330 1837 494 1897 innocentia
509 1837 575 1896 vitre
591 1842 620 1897 et
636 1839 757 1897 caritate
772 1837 802 1895 in
816 1838 977 1911 proximum
991 1840 1129 1898 consistit
1153 1837 1236 1901 Dixit
1250 1847 1355 1916 autem,

181 1943 305 2003 Paulum
322 1958 381 2003 non
396 1943 488 2004 solnm
504 1941 609 2003 dixisse
628 1922 842 2017 benedicite«,
872 1942 925 2001 sed
938 1942 1058 2017 insuper
1071 1944 1253 2021 prohibuisse
1267 1946 1356 2006 male·

180 2050 286 2111 dicere.
325 2048 416 2121 Quam
430 2048 461 2109 id
475 2065 538 2109 aevo
557 2054 657 2115 nostro
676 2048 765 2108 moris
780 2048 831 2120 sit,
855 2063 916 2107 rem
935 2049 1027 2121 ipsam
1043 2048 1156 2109 matam.
1187 2050 1262 2110 Num
1277 2051 1357 2112 oeiua

179 2156 212 2215 in
226 2152 307 2216 nobis
321 2154 508 2215 rebellantem
522 2155 718 2215 execrationes
734 2136 768 2213 ¹et
787 2152 1001 2213 maledictiones
1020 2167 1073 2213 nos
1083 2156 1231 2230 torqueri,
1254 2156 1356 2233 inquit

183 2262 214 2322 si
228 2261 287 2321 ullo
302 2258 431 2334 tempore
445 2260 507 2319 haec
522 2258 619 2319 Christ
640 2259 771 2322 doctrina
788 2258 883 2318 locum
902 2258 1011 2334 hebuit,
1034 2274 1112 2319 nunc
1130 2277 1216 2334 quam
1234 2265 1357 2324 maxime

182 2367 261 2443 opud
275 2382 327 2429 nos
342 2365 557 2425 locumhabere
573 2364 666 2451 debet.
696 2362 773 2424 Nem
792 2380 856 2423 cum
874 2378 927 2422 nos
947 2364 978 2421 in
997 2356 1061 2445 brec
1072 2366 1208 2428 incidisse
1226 2338 1357 2446 temporo

181 2471 445 2546 animadvertimus,
469 2472 624 2546 cogitemus
638 2470 733 2531 Deum
747 2470 832 2531 uobis
851 2470 914 2529 hoec
931 2471 1095 2544 immisisse,
1119 2476 1152 2532 ut
1171 2490 1224 2533 nos
1242 2474 1355 2550 probet,

183 2574 423 2654 sicut'nrgentum
436 2577 504 2652 igne
518 2574 667 2652 probatur.
697 2576 773 2651 Jem,
797 2572 870 2651 infit,
892 2575 979 2652 longo
998 2582 1127 2652 tempore
1147 2579 1267 2641 verbnm
1285 2578 1357 2642 dlvi·

181 2699 251 2744 num
265 2683 425 2743 audiamus
439 2687 470 2742 et
484 2682 531 2760 (ut
548 2683 595 2744 ita-
608 2679 725 2759 loquar)
747 2683 779 2742 in
799 2680 905 2741 scholis
923 2670 1037 2743 litterm
1059 2684 1258 2759 addidicimus,-
1281 2702 1357 2746 nunc

180 2789 357 2866 preceptori
371 2786 520 2848 reddenda
535 2789 591 2850 erit
611 2789 709 2863 lectio,
732 2793 767 2846 ut
784 2789 881 2862 palam
898 2785 963 2874 liat,
987 2786 1057 2861 quid
1075 2789 1221 2848 memorie
1239 2789 1357 2852 benerit

173 2901 237 2962 etc.
268 2892 354 2954 Certe
369 2910 405 2954 ex
420 2898 524 2982 natura
537 2899 638 2954 nostra
656 2893 728 2954 nibil
746 2908 906 2975 possumus,
931 2909 983 2953 nec
1001 2898 1114 2967 egomet
1127 2894 1190 2968 ipse
1205 2887 1356 2970 quicq'nam

181 3001 274 3078 valeo.
305 2997 362 3060 Sed
380 2999 448 3060 licet
467 2999 606 3061 hactenns
625 3000 697 3060 nihil
714 2997 881 3074 fecerimus,
905 2997 1088 3059 emendemus
1109 2999 1195 3060 modo
1215 2988 1356 3061 vitamet

180 3106 269 3168 hodie
288 3112 400 3166 mature
418 3106 513 3166 adhuc
531 3106 601 3165 setis
621 3111 666 3166 est
685 3112 739 3165 ete.
776 3105 898 3166 Orontes
918 3104 1077 3191 dominum,
1100 3109 1134 3163 nt
1151 3104 1235 3166 nobie
1254 3105 1355 3180 largiri

182 3213 329 3292 dignetur,
353 3227 409 3285 qno
428 3211 569 3271 dmcamus
589 3210 761 3272 benedicere
778 3208 1012 3270 maledicentibus
1031 3209 1113 3268 nobis
1135 3216 1166 3270 et
1185 3203 1355 3270 benefacere

180 3317 420 3392 persequentibus
435 3317 509 3393 nos,¹
525 3317 613 3391 idque
627 3317 665 3378 ob
680 3314 835 3375 Christum.
865 3313 967 3372 Amen.
988 3331 992 3336 ·
1258 3321 1262 3329 ’

168 3471 172 3479 ,
271 3419 304 3494 Αχ
319 3423 456 3482 concione
475 3437 528 3482 nos
546 3421 732 3484 Atrebatensi
751 3418 938 3506 exhibuimus.
975 3415 1031 3490 Qui
1049 3431 1114 3474 enm
1133 3411 1264 3476 cubiculo
1286 3430 1354 3492 pro·

181 3526 267 3601 diret,
277 3531 428 3602 conspecto
438 3526 552 3587 Euhulo
566 3529 618 3586 ait:
638 3526 736 3587 «Nihil
744 3527 839 3586 adhuc
847 3525 1002 3598 allegatum
1010 3526 1084 3581 est«
1108 3521 1173 3608 Hae
1186 3520 1280 3582 subeo
1295 3514 1353 3584 ode

136 3687 138 3691 .
180 3649 236 3694 nos
256 3637 370 3693 saturos
391 3632 472 3694 abire
492 3633 629 3708 oportuit.
667 3628 783 3692 Deinde
802 3630 989 3690 enatavimus
1008 3629 1140 3688 comitem
1161 3626 1353 3703 wilhelmum,

180 3753 305 3812 mmquo
320 3733 537 3811 etiennculun
552 3738 730 3813 sumpsimus.
761 3737 792 3795 Is
811 3737 864 3796 ait:
885 3734 1079 3796 ,cmotatione
1095 3732 1151 3794 buc
1170 3747 1242 3808 opus
1261 3737 1355 3824 estet

149 3903 151 3912 ,
180 3821 312 3918 exemplo
327 3842 420 3904 viduae
434 3843 511 3902 illins
526 3843 698 3917 evangelicae
713 3842 874 3916 improbum
888 3841 1015 3915 judicem
1033 3839 1251 3914 importunitate
1261 3837 1355 3925 ,obrui

181 3953 306 4025 oportet.
327 3946 471 4023 ,Cepimus
486 3947 603 4022 quidem
622 3948 771 4007 oomiiium
786 3946 822 4007 de
842 3946 1059 4022 supplicatione,
1082 3942 1135 4003 sed
1152 3959 1200 4003 res
1220 3944 1354 4006 aventon

180 4053 286 4115 sortite
300 4049 360 4114 non
374 4058 432 4128 est,
455 4053 523 4112 licet
537 4053 671 4142 Liberius
686 4053 833 4128 quippiam
848 4050 1058 4124 conscripserit.

213 4229 215 4234 ,
231 4171 232 4178 ¹
271 4159 391 4240 Interim
405 4158 476 4242 illud
490 4175 542 4232 per
556 4151 738 4219 veredarium
752 4157 873 4218 Romam
891 4155 1050 4216 cursitavit.
1073 4152 1154 4213 Duas
1169 4154 1310 4216 wdone·
1323 4154 1355 4214 in

161 4245 165 4252 ”
180 4264 353 4326 consistorio
367 4263 477 4325 babuit.
507 4264 622 4326 Interea
637 4264 774 4340 temporie
790 4265 873 4324 nobis
886 4261 963 4322 adsit
976 4260 1117 4320 dominns.

186 4443 189 4455 ι
212 4404 217 4415 2
271 4369 381 4430 Eadem
396 4368 497 4440 Oaemr,
509 4373 538 4428 et
557 4369 760 4430 Ferdinandus
779 4367 933 4430 animulam
952 4364 1067 4441 cognati
1084 4364 1162 4439 regia
1181 4379 1234 4440 per
1252 4362 1352 4422 miese-

179 4461 258 4538 tieos
270 4472 446 4562 moniculos
466 4475 665 4551 spurgaton'o
684 4472 723 4533 ad
744 4472 849 4560 elysios
868 4486 983 4580 ¹esnnnpoa
1003 4461 1192 4532 mestus
1212 4466 1352 4528 iecmunt.
