3017 5225
755 438 802 505 26

194 626 326 687 oratioue
335 624 479 700 publicani
487 624 563 685 iliius
575 624 741 700 evangelici,
756 622 865 683 sedicet
878 620 978 682 »Deus
988 620 1129 697 propitius
1143 625 1206 681 esto
1217 618 1287 679 miii
1299 634 1368 695 pec·

194 732 315 793 catari«
346 730 417 791 Post
431 732 493 793 haec
504 732 586 805 J'ussu
601 728 707 789 Christi
721 733 751 789 et
767 728 897 802 exemplo
912 728 1107 802 apostolorum
1120 726 1271 787 admonuit
1284 727 1367 786 obse·

193 838 336 897 crationes
350 852 404 911 pro
419 836 549 898 omnibus
564 835 707 895 hominum
722 833 872 893 ordinibus
885 831 963 905 fieri,
985 836 1051 905 post
1065 831 1127 890 hac
1141 847 1178 890 ex
1192 832 1299 905 scripto
1314 848 1365 891 no·

192 942 270 1001 mina
292 956 391 1002 eorum
409 940 553 1014 reterens,
579 940 627 1013 qui
647 940 859 999 matrimonium
880 939 954 997 inire
976 937 1170 1000 destinassent
1192 952 1226 997 ac
1246 952 1301 1011 pro
1322 938 1368 995 his

191 1045 369 1106 intercedere
388 1044 502 1119 iubens.
541 1044 656 1105 Deinde
679 1044 841 1118 catalogum
860 1043 960 1102 morbo
981 1040 1174 1101 laborantium
1193 1046 1224 1101 at
1237 1043 1287 1115 qui
1300 1057 1366 1102 ora·

191 1153 299 1212 tionem
314 1152 440 1236 ecclesiae
462 1152 661 1225 expetiissent,
685 1149 833 1222 recitavit,
856 1148 898 1209 ita
917 1155 953 1208 ut
969 1150 1164 1222 cujuscunque
1183 1148 1247 1221 quis
1266 1147 1365 1208 condi·

191 1257 277 1315 tionis
297 1262 374 1317 osset
395 1256 551 1330 indicaret,
573 1256 734 1329 suppressis
756 1231 852 1313 umen
874 1254 1042 1315 nominibus.
1082 1252 1209 1313 Goiiccta
1228 1259 1258 1313 et
1278 1254 1365 1313 bena·

190 1360 314 1422 dictione
323 1358 679 1436 populiofficiumsuumis
689 1360 840 1420 absolvens
855 1360 976 1420 ambone
991 1358 1130 1419 diarmait.
1152 1360 1224 1419 Post
1237 1359 1299 1419 hac
1312 1360 1364 1419 do·

190 1467 267 1525 mino
282 1467 413 1527 Musonio
428 1466 536 1541 gradun
548 1464 724 1525 ¹ascendente
744 1466 864 1525 ecclesia
884 1465 962 1524 canit
980 1465 1115 1538 hymnum
1134 1464 1365 1525 deinroeatioue

192 1572 314 1645 Spiritus
334 1571 447 1646 Sancti,
480 1588 537 1646 quo
559 1568 641 1631 finito
662 1570 811 1629 Musonius
837 1569 945 1645 populo
968 1570 1099 1643 spiritum
1120 1569 1176 1629 Dei
1198 1568 1303 1629 bouum
1327 1570 1364 1631 ad

191 1676 364 1739 audiendum
378 1692 442 1735 cum
457 1675 552 1737 fructu
575 1675 693 1736 verbnm
716 1676 805 1751 ipsius
828 1675 1001 1749 imprecatus
1015 1677 1174 1735 orationem
1196 1674 1365 1737 dominicam

193 1798 277 1842 orare
289 1782 388 1856 jussit,
409 1782 529 1857 ipsemet
543 1780 654 1857 prolixe
674 1796 770 1841 orans.
809 1780 879 1840 Post
892 1780 924 1840 id
938 1778 1014 1841 idem
1029 1780 1159 1869 domiuus
1173 1779 1364 1855 wolfgangus

191 1904 227 1947 ax
235 1887 330 1963 capite
338 1888 398 1961 xiiij
408 1888 427 1947 J
429 1890 530 1949 oannis
536 1889 598 1948 haeo
608 1886 697 1949 verba
710 1887 794 1976 legit:
813 1886 889 1958 »Qui
901 1884 990 1947 habet
998 1886 1135 1947 mandata
1148 1902 1213 1946 maa
1224 1892 1256 1947 at
1268 1895 1366 1947 servat

191 2008 236 2069 ea,
252 1993 300 2053 ille
316 1998 368 2068 esi,
386 1995 435 2067 qui
451 1994 545 2068 diligit
558 2010 619 2068 me,
635 2008 724 2065 usque
739 1990 778 2051 ad
792 1990 866 2053 hane
880 1992 1044 2067 periodum:
1068 1992 1139 2051 Hae
1152 1992 1288 2065 loquutus
1302 2008 1365 2051 sum

189 2098 302 2174 vobis«,
319 2098 463 2161 disserens
477 2101 513 2159 de
528 2098 668 2173 dignitate
682 2099 834 2158 verborum
843 2097 958 2170 Christi,
976 2098 1012 2159 de
1026 2096 1365 2158 differentialudreisca·

188 2206 272 2266 riotis
287 2204 453 2265 mercatoris
468 2208 499 2265 et
512 2200 596 2263 ludos
612 2203 729 2263 Thadaei
746 2203 859 2282 cordati
876 2200 1038 2263 confitentis
1053 2202 1191 2277 Domino,
1215 2203 1260 2263 vel
1274 2201 1362 2263 confi·

189 2316 252 2371 teus
267 2310 431 2371 Dominum.
465 2309 509 2369 De
524 2308 645 2384 simplici
659 2307 885 2382 interrogatione
899 2308 997 2383 lude,
1015 2314 1044 2367 et
1057 2323 1095 2367 ne
1109 2324 1162 2367 nos
1177 2309 1322 2384 miremur,
1339 2310 1364 2368 si

188 2431 247 2476 nou
271 2415 358 2475 semel
372 2419 460 2490 atque
480 2416 584 2497 iterum
599 2413 697 2474 audito
717 2415 806 2474 verbo
826 2430 894 2474 mor
904 2413 1015 2474 Christi
1028 2421 1150 2475 mentem
1164 2429 1364 2489 assequamur,

189 2521 241 2581 sed
256 2522 380 2581 orationi
394 2522 547 2592 mmmm,
571 2526 604 2580 ut
618 2519 759 2579 Dominus
774 2518 859 2581 uobis
878 2536 992 2579 sensum
1012 2522 1125 2595 aperiat
1145 2525 1176 2579 et
1189 2519 1364 2579 intellectum

189 2625 246 2687 det.
285 2627 357 2688 Item
377 2625 412 2686 de
433 2625 628 2698 inaequalitate
648 2625 752 2684 divine
773 2631 802 2684 et
815 2625 953 2692 humanae
968 2608 1148 2687 conditionis.¹
1185 2628 1258 2686 Item
1278 2614 1364 2700 onam

137 2786 140 2792 .
188 2746 293 2807 magua
307 2731 344 2790 sit
358 2729 508 2804 promissio
524 2730 594 2805 heo,
610 2729 688 2806 quod
698 2737 783 2805 pater
798 2737 828 2791 et
839 2733 902 2804 ipsc
913 2737 1057 2792 amantem
1071 2731 1129 2791 sint
1143 2731 1319 2793 redamaturi
1333 2738 1364 2792 et

187 2838 362 2898 mansionem
376 2835 455 2910 apud
468 2836 543 2896 huuc
566 2835 662 2897 iacere
682 2837 784 2908 velint3
809 2838 878 2926 item
898 2834 975 2909 qnod
989 2837 1020 2895 iu
1033 2838 1161 2897 hocuno
1179 2853 1249 2897 vera
1268 2839 1365 2897 unitas
1477 2834 1479 2838 ’

188 2941 383 3026 etconeordia
397 2942 474 3002 iuter
488 2942 625 3003 Deumet
638 2942 782 3002 hominem
797 2941 949 3014 consistat,
966 2947 999 3000 ut
1012 2942 1097 3002 homo
1112 2939 1169 3001 fide
1184 2942 1302 3002 verbum
1315 2959 1363 3004 re·

66 3131 68 3136 ‚
187 3048 277 3123 cipiat
292 3053 321 3108 at
336 3063 367 3107 se
383 3047 447 3107 Deo
462 3047 539 3125 patri
554 3053 584 3106 et
597 3047 658 3108 filio
673 3064 724 3123 per
739 3047 879 3121 Spiritum
894 3048 923 3108 S.
939 3047 1097 3121 regendum
1111 3048 1267 3121 permittat.
1290 3051 1365 3109 Item

186 3154 224 3214 de
239 3155 340 3213 innata
361 3153 469 3212 homini
484 3154 632 3228 superbia,
657 3153 746 3227 quisi
761 3153 807 3212 vel
826 3133 972 3212 tantillum
991 3153 1100 3212 honore
1114 3125 1161 3212 vel
1179 3154 1281 3227 opibus
1299 3154 1364 3214 aliis

181 3257 345 3340 'praecellat
363 3275 420 3320 nou
436 3263 532 3332 potest
546 3275 576 3318 se
592 3275 626 3319 eo
642 3258 803 3332 demittere,
819 3263 851 3316 ut
866 3273 897 3316 se
911 3264 1054 3318 amantem
1069 3259 1115 3317 vel
1129 3259 1264 3334 pusillum
1277 3260 1363 3320 reda·

187 3369 244 3423 met
263 3369 366 3426 eonon
385 3355 563 3439 contemnat,
588 3365 654 3426 Und
675 3379 732 3424 was
754 3363 828 3424 doch
847 3362 900 3424 der
913 3379 966 3423 vor
980 3365 1027 3423 ein
1042 3376 1137 3423 aruer
1152 3364 1289 3424 Mensohe
1310 3366 1363 3439 sei,

186 3469 238 3530 der
259 3469 333 3544 den,
356 3487 412 3530 ron
427 3469 491 3529 dem
507 3468 558 3528 ehr
573 3469 695 3549 geliebet
710 3470 782 3542 wirt,
799 3452 1184 3529 mohtnidderiiebt.'1sem
1198 3467 1365 3542 qnodDeus

186 3581 244 3637 nou
259 3581 446 3650 tyrannorum
460 3590 541 3634 more
563 3573 600 3633 ad
615 3589 646 3632 se
662 3573 854 3633 confitendum
870 3579 900 3635 et
914 3575 1068 3634 amandum
1082 3571 1163 3634 ferro
1184 3579 1215 3633 et
1228 3575 1257 3634 ri
1271 3575 1362 3634 homi·

188 3697 239 3740 nes
261 3680 372 3754 adigat,
397 3679 448 3738 sed
471 3694 558 3752 quam
579 3679 740 3753 benigniter
755 3695 822 3748 suos
837 3679 953 3738 alliciat.
992 3680 1065 3738 item
1079 3696 1166 3753 quarn
1186 3694 1285 3738 aarum
1299 3678 1365 3739 Deo

186 3785 322 3860 templum
348 3785 386 3842 sit
406 3787 444 3858 is,
469 3784 519 3856 qui
539 3784 656 3845 verbum
678 3782 794 3845 Domini
814 3785 928 3866 sincera
944 3783 1003 3844 fide
1020 3785 1150 3858 recipiat.
1192 3784 1279 3844 Hunc
1300 3801 1365 3844 esse

186 3889 277 3949 aedem
291 3904 417 3964 auream,
433 3887 508 3947 hunc
523 3903 587 3946 esse
598 3891 669 3950 're'rc
685 3888 754 3948 iliud
770 3889 917 3948 vasculum
933 3889 978 3966 (ut
987 3891 1074 3964 vulgo
1082 3887 1252 3965 loquuntur)
1267 3905 1365 3951 sacra·

184 3997 274 4055 menti
287 3994 541 4055 conseruatorium.
580 3993 688 4067 Magna
707 3995 783 4054 enim
803 4000 833 4054 et
848 3995 974 4075 expolita
994 3996 1146 4070 phalerata
1160 3995 1296 4055 muudum
1312 3996 1363 4057 de·

186 4106 259 4161 cent.
284 4099 362 4161 Deos
377 4098 434 4159 fide
451 4106 480 4159 et
495 4098 580 4159 corde
595 4114 681 4174 puro,
699 4117 755 4162 non
771 4102 861 4160 multo
877 4101 1019 4160 exteriore
1033 4107 1138 4160 ornatu
1152 4101 1267 4175 gaudet.
1290 4101 1365 4160 Item

185 4206 263 4280 quod
277 4207 462 4280 magistratus
477 4205 533 4263 huc
548 4206 673 4265 intentus
694 4207 731 4264 sit
752 4212 782 4265 et
797 4206 961 4267 consideret
980 4207 1055 4268 hanc
1075 4223 1163 4266 unam
1183 4215 1214 4268 et
1227 4207 1365 4282 optimam

186 4327 249 4371 osse
265 4310 423 4370 concordias
439 4312 523 4384 viam,
539 4315 571 4369 ut
586 4311 704 4396 verbnm
718 4311 835 4372 Domini
849 4314 960 4372 sincere
970 4312 1134 4387 ⁴praedicare
1148 4314 1275 4385 sinatnr;
1295 4328 1364 4373 nam

186 4417 229 4474 sic
241 4429 294 4474 uos
309 4413 470 4476 mensiones
485 4416 540 4475 Dei
554 4415 626 4476 fieri.
666 4416 711 4476 De
725 4419 781 4478 hoc
803 4423 899 4477 autem
920 4419 1006 4478 iatius
1021 4419 1063 4477 sio
1083 4418 1262 4493 erigentibus
1276 4420 1365 4506 rebus

187 4520 276 4597 dixit,
300 4537 384 4598 quam
405 4521 575 4583 hic-chartis
590 4521 689 4584 illiniri
708 4512 801 4595 possit
821 4529 875 4584 eto.
913 4525 986 4584 itam
1005 4524 1083 4597 quod
1097 4523 1229 4586 Christus
1247 4523 1364 4599 dixerit,
