3017 5225
767 417 829 486 lte

298 602 430 663 Ketteler
451 602 562 661 nobiles
583 601 624 658 cis
646 600 777 660 Rhenum
799 598 1007 673 archiepiscopi
1033 597 1211 657 Coloniensis
1231 594 1263 654 iu
1285 592 1384 656 West·

150 698 153 703 ’
208 709 308 784 phalia
322 706 553 768 archicamerarii
567 710 642 763 sunt.
1337 747 1339 756 .

213 863 218 868 .
296 830 317 870 x
330 811 411 871 Junii
428 809 463 868 'in
483 809 590 884 templo
610 807 742 866 Manutii
759 807 832 867 hora
853 812 990 867 consueta
1009 803 1162 874 demutata
1180 810 1247 866 sunt
1267 805 1383 890 cantica

206 931 293 976 sacra
306 921 336 974 et
349 914 525 989 potlssimnm
540 927 606 986 quse
620 911 658 971 ad
671 911 854 971 animandum
869 911 980 986 plebem
997 910 1103 969 Christi
1121 911 1152 968 in
1170 909 1248 978 hisce
1268 913 1379 980 tempo-

206 1018 288 1078 ribus
305 1018 446 1090 iacerent,
469 1017 562 1090 qualia
580 1022 638 1076 est:
661 1017 726 1076 Nisi
747 1016 827 1074 Dens
845 1022 908 1074 erat
927 1017 956 1073 in
976 1016 1072 1088 uobis,
1097 1015 1173 1074 dicat
1188 1027 1264 1072 nnnc
1278 1013 1380 1084 Israel.

207 1123 281 1184 Item
303 1121 383 1182 Dens
403 1121 546 1195 retugium
569 1127 600 1179 et
617 1102 722 1196 virtus,
752 1126 783 1180 et
805 1122 899 1180 oratio
920 1119 1062 1206 dominica
1082 1117 1301 1190 paraphrastica
1324 1123 1380 1175 etc.

209 1228 321 1287 Deinde
334 1228 465 1285 minister
479 1226 605 1285 ecclesia
621 1242 675 1300 pro
690 1232 826 1298 suggestu
841 1209 927 1297 caput
945 1227 984 1283 18
1000 1223 1132 1282 Mottlraei
1147 1209 1287 1307 praelegit.
1317 1220 1380 1280 Ho-

207 1331 389 1391 trudemus
409 1324 587 1389 confessione
607 1330 722 1404 publica
741 1334 772 1404 et
792 1329 990 1388 obsecratione
1011 1326 1232 1414 protordinibus
1252 1325 1382 1384 ecclesiae

206 1442 273 1510 etc„
295 1436 430 1514 posthoc
445 1435 474 1494 d.
490 1451 526 1493 en
543 1450 606 1508 cap.
630 1435 669 1490 15
685 1432 806 1493 Joanuis
820 1410 882 1492 haec
896 1432 985 1492 verba
999 1432 1128 1504 repetiit:
1156 1431 1242 1488 «Non
1260 1429 1382 1502 posthoc

207 1539 271 1620 dico
293 1556 345 1600 voe
367 1555 479 1612 servos,
508 1539 577 1610 quia
597 1552 698 1595 servus
720 1537 823 1609 nescit,
852 1537 924 1609 quid
945 1535 1032 1594 faeiat
1054 1535 1184 1594 dominus
1207 1535 1277 1606 ejus.
1319 1535 1380 1592 Vos

183 1634 306 1702 -autem
325 1643 386 1701 dixi
405 1644 526 1715 amicos,
547 1643 619 1713 quia
636 1642 750 1715 omnia,
775 1657 838 1712 quae
859 1642 956 1700 audiri
977 1657 1012 1700 ex
1032 1645 1115 1713 patre
1134 1655 1211 1714 meo,
1235 1643 1304 1698 nota
1323 1637 1381 1696 ieci

206 1746 307 1805 robis«
325 1751 379 1804 etc.
407 1747 503 1804 Primo
517 1745 606 1816 igitur
619 1745 661 1804 ait
673 1746 704 1803 in
717 1747 882 1804 memoriam
897 1745 1060 1825 revocanda
1074 1742 1275 1803 antecedentia
1291 1743 1378 1813 dicta,

205 1850 340 1909 nimirum
359 1850 437 1921 quod
453 1848 583 1908 Christus
601 1850 719 1908 dixerit:
744 1850 922 1922 Praeceptum
942 1848 1010 1908 dedi
1029 1848 1110 1906 vobis
1131 1851 1165 1904 ut
1184 1846 1307 1920 diligatis
1327 1862 1380 1904 vos

205 1954 335 2028 invicem,
353 1959 382 2013 et
396 1953 474 2026 quod
488 1953 530 2012 eis
544 1969 576 2012 se
589 1954 682 2026 ipsum
696 1955 782 2027 hujus
797 1955 932 2040 praecepti
947 1953 1106 2026 exemplum
1124 1952 1256 2030 praebens
1272 1951 1378 2023 iuquitg

205 2056 287 2117 Sicut
300 2074 354 2132 ego
369 2057 458 2123 dilexi
475 2074 539 2132 vos,
563 2064 593 2118 et
614 2075 700 2132 quam
721 2077 780 2118 non
798 2059 909 2133 vulgari
930 2058 1082 2118 dilectione
1103 2073 1151 2115 eos
1172 2057 1319 2129 diligeret,
1342 2071 1381 2112 ex

203 2178 242 2222 eo
256 2168 366 2237 patere,
390 2164 467 2236 quod
488 2163 567 2238 dicit,
589 2165 726 2237 majorem
746 2162 914 2222 charitatum
937 2177 1021 2221 nemo
1041 2162 1136 2234 habet,
1160 2177 1246 2234 quam
1265 2164 1297 2216 ut
1315 2159 1378 2216 ani·

204 2284 281 2326 mam
295 2283 376 2325 suam
392 2267 444 2335 det
455 2283 508 2338 pro
523 2269 620 2326 amicis
635 2269 694 2326 suis
709 2271 764 2326 etc.
797 2267 880 2338 Quod
895 2269 988 2340 ipsum
1008 2271 1038 2324 et
1056 2269 1118 2338 ipso
1133 2281 1221 2341 opere
1239 2263 1380 2337 postlidie

203 2372 268 2444 ejns
282 2370 340 2429 diei
354 2371 499 2444 praestilit.
529 2371 602 2429 Item
620 2370 775 2442 quod'non
795 2371 888 2429 solum
909 2371 1054 2443 discipulis
1073 2359 1125 2429 sed
1145 2370 1227 2430 nobis
1244 2369 1378 2436 omnihus

203 2477 376 2546 preceptum
391 2472 540 2532 charitatis
556 2474 675 2532 dederit.
705 2475 778 2532 Item
794 2475 870 2548 quod
889 2491 946 2534 non
967 2477 1005 2533 sit
1020 2473 1134 2534 difficile
1154 2481 1294 2548 prestare
1309 2473 1376 2531 cha·

201 2579 331 2651 ritatem,
359 2575 486 2636 infirmos
506 2578 638 2653 visitare,
652 2579 902 2654 ὀοψοτωυιιᾱοε
924 2580 1043 2653 restire,
1075 2579 1245 2659 esurientem
1266 2577 1376 2649 cibare,

203 2682 348 2742 sitientem
363 2665 434 2754 potu
448 2680 619 2756 refocillare,
644 2684 713 2742 etsi
728 2684 798 2756 quid
813 2684 953 2767 ejusmodi
969 2684 1059 2750 simile
1079 2670 1131 2745 est.
1162 2685 1270 2742 Verum
1284 2684 1376 2742 omni·

200 2786 256 2845 hus
269 2786 315 2844 his
328 2786 421 2859 majus
433 2787 482 2859 sit,
505 2787 628 2845 animam
642 2804 696 2860 pro
714 2790 805 2847 amico
821 2774 959 2861 posuisse.
990 2789 1065 2860 Item
1084 2788 1160 2861 quod
1174 2789 1206 2851 ¹si
1219 2789 1262 2865 sic
1276 2802 1374 2845 ncces·

201 2891 273 2948 sitas
286 2888 435 2949 charitatis
451 2890 612 2950 christiana
627 2894 733 2968 exigat,
757 2910 793 2953 ne
810 2900 838 2952 et
850 2908 904 2951 nos
924 2870 1030 2951 imitari
1046 2891 1190 2967 Christum
1203 2894 1240 2961 ,iu
1255 2892 1311 2949 hoc
1325 2888 1374 2981 de·

201 2999 366 3053 trectemns.
397 2996 470 3053 ltem
490 2997 539 3068 qui
553 2994 613 3069 fiat,
637 3002 670 3055 ut
684 2996 815 3081 Christus
835 2996 972 3069 apostolis
988 2996 1077 3055 dicat:
1102 2996 1226 3055 Posthac
1240 3012 1297 3067 hon
1313 2995 1376 3053 dico

199 3113 253 3183 pos
268 3114 376 3173 servos,
400 3115 463 3159 cum
477 3105 575 3159 tamen
589 3106 654 3172 post
668 3102 912 3160 resurrectionem
924 3105 952 3159 et
967 3097 1161 3159 ascensionem
1177 3100 1284 3159 Chm‘sti
1298 3100 1374 3159 Pau

201 3202 248 3261 lus
261 3203 302 3291 ¹de
317 3220 347 3262 se
362 3204 424 3277 ipso
438 3206 560 3264 scribet:
584 3205 691 3263 Paulus
711 3210 829 3265 vocatus
849 3205 995 3289 apostolus
1010 3210 1039 3263 et
1058 3220 1158 3263 servus
1172 3204 1191 3262 J
1194 3204 1243 3262 osu
1259 3203 1375 3263 Christi.

187 3306 285 3366 ¹Sicut
297 3324 351 3366 nec
365 3324 423 3366 non
437 3310 565 3369 Joannes
579 3310 611 3365 in
626 3311 793 3384 apocalypsi
808 3309 844 3368 de
856 3326 889 3368 se
904 3308 967 3381 ipso
982 3310 1116 3391 loquens:
1130 3309 1149 3367 J
1151 3324 1257 3367 oannes
1276 3324 1375 3367 sermm

198 3412 272 3471 deso
291 3411 402 3471 Christi
423 3418 476 3470 etc.
514 3413 600 3471 Adde
618 3414 678 3488 his,
703 3410 781 3487 quod
802 3412 932 3471 Christus
956 3414 1106 3485 apostolis,
1130 3428 1302 3492 quamquam
1326 3430 1375 3473 eos

198 3514 307 3574 amicos
319 3515 441 3587 vocarit,
463 3506 609 3588 praecepta
629 3518 750 3591 dederit,
774 3534 838 3576 cum
857 3525 953 3578 tamen
975 3520 1221 3591 praeciperenon.
1233 3518 1270 3577 sit
1290 3520 1376 3576 amici

181 3618 254 3676 .sed
271 3618 390 3675 domiui.
428 3618 487 3677 Sed
508 3606 588 3677 hauc*
603 3619 688 3691 hujus
709 3623 754 3681 rei
776 3624 946 3683 solutionem
969 3638 1032 3681 esse
1055 3623 1096 3680 ait
1110 3622 1271 3696 Masculus,
1296 3624 1376 3697 quod

199 3720 332 3801 Christus
347 3722 492 3793 apostolos
508 3738 565 3780 non
580 3739 677 3784 servos
694 3724 778 3785 dicat.
810 3727 868 3786 Sed
883 3727 1011 3799 quamvis
1031 3727 1088 3795 siut
1109 3708 1274 3800 peccatores
1286 3732 1318 3786 et
1332 3730 1375 3785 in-

198 3822 275 3882 fimae
297 3825 383 3883 sortis
404 3824 545 3902 homines,
570 3830 665 3886 tamen
685 3845 740 3901 pro
763 3830 875 3910 amieis,
899 3848 957 3889 non
978 3847 1033 3903 pru
1054 3832 1144 3892 servis
1167 3831 1304 3890 ducturus
1326 3833 1374 3891 sit.

197 3927 333 4002 Exempli
348 3944 449 4002 causa,
474 3930 499 3987 si
514 3932 578 4004 quis
597 3931 684 3990 herus
704 3934 810 3993 lrabeat
829 3952 955 4008 servum,
980 3936 1025 3993 cui
1040 3951 1081 4015 en
1098 3936 1192 4003 anim'o
1214 3937 1286 3994 bene
1305 3937 1376 3994 velit

86 4040 89 4043 ’
195 4046 235 4091 uc
255 4034 338 4091 unice
360 4033 462 4106 diligat
480 4051 514 4093 ac
532 4034 575 4092 illi
594 4042 706 4101 secreta
724 4054 777 4096 sua
796 4040 959 4111 concredat,
983 4054 1041 4097 non
1060 4044 1197 4113 tauquam
1216 4056 1299 4100 servo
1322 4042 1375 4098 sed

198 4137 347 4209 utamico,
370 4137 444 4209 licet*
459 4154 558 4197 servus
581 4141 618 4199 sit
637 4147 692 4201 etc.
729 4142 837 4201 Merito
857 4148 952 4227 autem
972 4140 1072 4203 Jcsum
1093 4144 1373 4216 dominum-pecant

165 4250 168 4253 ⁴
197 4241 260 4299 elsi
273 4242 329 4313 ipsi
348 4258 379 4300 se
398 4242 476 4315 ipsos
496 4248 601 4303 servos
616 4243 722 4319 dicant,
745 4247 814 4305 licet
834 4247 871 4307 ab
891 4246 991 4305 eodem
1003 4222 1095 4323 'amici
1115 4255 1261 4309 vocentur.
1299 4250 1375 4307 Nam

194 4346 313 4403 tametsi
328 4344 457 4404 Christus
476 4363 525 4406 cos
547 4335 653 4414 amicos
672 4348 748 4408 dixit
761 4356 790 4409 et
807 4351 918 4423 optimo
930 4353 995 4424 jure
1015 4366 1081 4431 curru¹
1094 4352 1262 4424 dignitatem
1277 4355 1375 4427 magni

195 4451 334 4509 momenti
356 4433 721 4532 duceredebebant‘fflou
738 4459 837 4514 autom
857 4454 911 4514 hoo
932 4456 986 4515 sibi
1006 4456 1075 4527 ipsis
1091 4457 1228 4517 elatiores
1248 4456 1374 4551 credere
