3017 5225
751 431 827 498 m
898 529 902 537 r

298 614 381 677 Anno
396 615 504 679 domini
528 614 611 675 1553
629 613 761 675 ianuarii
780 613 827 673 dic
847 613 866 671 9
890 609 1060 674 erhclmus
1083 617 1114 673 et
1127 611 1270 689 Georgius
1283 611 1377 673 Erue·

209 726 270 781 stus
294 708 378 794 pater
401 727 431 781 ιι
458 718 534 779 filins
565 720 709 796 principes
739 722 769 778 ct
789 718 907 778 comites
930 718 961 777 in
982 718 1155 794 Henneberg
1178 718 1379 779 Sebasdauum
1494 775 1495 782 ,

208 824 404 900 Vituenhagen
419 830 565 900 satrapam
580 826 708 900 ipsorum
727 824 759 883 iu
774 822 889 883 calcide
910 821 948 882 ad
967 840 1019 883 nos
1034 823 1211 884 Weldeciam
1228 824 1379 897 miserunt,

208 934 338 1005 potentes
353 935 386 990 ut
399 929 505 991 Joanni
519 929 668 990 Friderico
691 928 809 989 electori
829 943 937 988 morem
951 934 1155 1003 praestaremus
1172 944 1207 989 ac
1221 928 1260 987 ad
1273 927 1379 989 Alber·

208 1040 269 1095 tum
283 1034 478 1095 marchionem
492 1035 618 1095 Prussisc
640 1034 767 1108 legatum
789 1049 939 1109 ageremus
959 1034 1074 1096 nomine
1091 1034 1212 1094 loannis
1234 1031 1380 1091 Friderici

208 1142 310 1199 ctuua
324 1154 388 1199 cum
407 1140 516 1214 aliquot
537 1140 596 1199 suis
618 1139 790 1215 consiliariis
803 1143 834 1199 ιι
846 1138 1002 1213 theologis,
1024 1142 1058 1197 ut
1078 1153 1115 1199 ex
1133 1136 1323 1213 infrascriptis
1337 1138 1387 1211 pii

207 1243 344 1317 principis
360 1244 440 1319 pium
453 1244 611 1318 principem
626 1242 724 1303 videre
740 1249 793 1303 est.

297 1349 437 1422 Quoniam
457 1365 548 1409 vanus
569 1352 614 1406 est
633 1348 725 1406 omnis
744 1348 843 1422 homo,
868 1348 950 1408 mitte
971 1355 1004 1409 tu
1024 1348 1095 1410 mihi
1109 1346 1242 1422 angelum
1255 1344 1379 1419 consdii,

208 1452 322 1515 domine
337 1452 424 1527 deus,
448 1453 566 1515 verbum
582 1457 749 1519 struentem
764 1454 868 1512 minam
882 1459 961 1513 tuam
976 1452 1120 1512 dominum
1134 1435 1264 1512 nosmnm
1277 1451 1379 1510 lesum

211 1556 363 1631 Christum,
380 1558 429 1631 ouri
444 1559 548 1634 spiritu
563 1572 614 1618 suo
630 1556 715 1632 hono,
732 1557 802 1631 qnid
820 1555 896 1616 iacto
911 1574 983 1631 opus
998 1559 1045 1631 sit,
1060 1556 1187 1616 instillet
1215 1555 1316 1614 Amen.

295 1663 381 1723 Nona
396 1662 443 1723 dle
456 1663 590 1723 lanuarii
605 1678 681 1722 anno
697 1661 804 1722 Christi
821 1662 904 1721 1553
920 1661 1068 1722 Waldeclr.

224 1796 229 1801 ·
296 1765 427 1827 Mirabili
441 1768 562 1828 scientia
584 1772 644 1843 tua,
668 1768 747 1841 deus,
768 1766 906 1827 mirabilis
925 1771 955 1825 et
969 1768 1147 1842 omnipotens
1162 1766 1193 1824 in
1206 1766 1273 1825 altis
1287 1766 1379 1825 domi-

208 1890 262 1933 uus
277 1872 355 1933 solus
370 1873 484 1946 sapiens
496 1873 593 1944 justus
609 1878 639 1932 et
652 1872 744 1932 honus
760 1877 790 1930 ct
803 1887 871 1931 vere
893 1872 998 1931 nullius
1013 1872 1194 1946 quantumvis
1210 1870 1380 1944 inspeciem
1494 1941 1495 1944 Ἴ

98 2002 101 2011 ·
207 1977 247 2053 pii
261 1978 338 2052 regis
353 1979 400 2037 vel
418 1978 603 2053 magistratus
624 1982 768 2051 sceptrum
788 1982 899 2036 rectum
921 1982 966 2035 est
985 1982 1093 2051 praeter
1112 1978 1198 2035 unius
1212 1976 1380 2050 sempiterni

207 2088 238 2143 et
251 2099 270 2143 a
284 2086 367 2157 patre
382 2082 492 2145 coelesti
507 2098 594 2157 super
611 2082 679 2142 Sion
698 2086 827 2141 summum
848 2088 973 2141 montem
995 2099 1077 2140 suum
1096 2082 1134 2142 ab
1148 2086 1257 2140 aterno
1272 2080 1378 2139 consti-

208 2188 263 2253 tuti
278 2188 353 2263 regis
377 2189 460 2265 virga
479 2188 658 2249 rectitudinis
678 2187 762 2262 virga
783 2188 867 2261 regni
881 2188 933 2245 sui.
972 2187 1048 2246 Hinc
1062 2187 1224 2262 experimur
1242 2200 1379 2258 proceres

206 2294 353 2367 religionis
373 2300 479 2374 nostrae
502 2294 644 2353 Joannem
666 2291 846 2351 Fridericum
865 2293 1018 2351 electorem
1041 2291 1204 2366 proditione
1217 2306 1334 2349 suorum
1348 2290 1379 2349 in

207 2414 308 2459 manus
321 2398 448 2458 hostium
468 2398 609 2471 captivum
627 2394 791 2471 devenisse,
814 2397 1143 2481 firmicum-Othonem
1161 2398 1190 2454 vi
1210 2411 1378 2471 oppressum

207 2507 237 2561 et
251 2502 417 2576 regionibns
432 2504 491 2561 suis
507 2507 626 2561 exutum
640 2499 738 2577 luisse,
754 2502 931 2577 Philippum,
953 2508 986 2561 ιιι
1007 2503 1066 2561 suis
1082 2481 1281 2560 exterminium
1296 2498 1379 2559 ditio·

208 2625 276 2668 num
291 2613 377 2684 atque
392 2604 561 2682 facultatum
576 2610 700 2682 caveret,
718 2625 772 2668 sua
786 2613 888 2684 sponte
903 2608 933 2667 in
948 2606 1107 2668 custodiam
1128 2607 1243 2668 minime
1257 2604 1379 2666 liberam

207 2726 238 2772 se
251 2713 346 2789 ipsum
361 2715 508 2776 obtulisse.
531 2714 571 2772 Et
585 2718 773 2787 posteaquam
789 2713 828 2787 hi,
845 2729 967 2789 quorum
981 2713 1089 2772 mentio
1102 2713 1150 2771 hic
1164 2710 1241 2772 lacta
1255 2716 1308 2786 est,
1324 2712 1376 2770 im·
1454 2711 1459 2717 '

206 2834 306 2878 mensa
320 2818 367 2879 dei
380 2817 526 2893 bonitate,
549 2813 599 2891 qui
621 2833 687 2877 suos
713 2819 743 2877 in
758 2817 843 2878 finem
859 2817 904 2895 (ut
919 2834 982 2876 enm
996 2817 1109 2877 Doride
1123 2813 1239 2890 loquar)
1255 2833 1314 2876 non
1328 2815 1379 2875 de·

207 2922 357 2998 relinquit,
386 2922 517 2981 hilariori
537 2922 601 2980 illos
622 2921 769 3006 arridente
787 2920 902 2983 fortuna
921 2923 1008 2982 terris
1028 2924 1087 2980 suis
1108 2918 1216 2982 redditi
1234 2925 1319 2994 sunt,
1342 2937 1379 2981 en

207 3031 289 3088 vetus
304 3028 353 3086 illc
367 3031 466 3088 noster
481 3026 679 3102 adversarius,
696 3029 746 3103 qui
761 3028 851 3088 leonis
865 3028 957 3090 instar
971 3028 1125 3103 rugientis,
1147 3041 1279 3100 quaerens
1294 3042 1378 3100 quem

206 3131 335 3206 devoret,
351 3132 488 3206 circumit,
508 3131 675 3206 Albertum,
695 3133 776 3206 cuius
792 3149 897 3193 nomen
912 3132 949 3192 ob
963 3135 1079 3218 pietatis
1093 3137 1123 3209 et
1137 3131 1303 3191 eximimur]
1318 3132 1377 3190 vir-

207 3236 443 3312 tutumlaudem,
465 3253 529 3310 quac
554 3253 612 3297 non
631 3237 716 3314 aliter
735 3252 770 3296 ac
786 3238 943 3310 parietaria
961 3237 1053 3296 herba
1067 3237 1209 3311 excrevit,
1224 3236 1378 3295 multorum

206 3342 287 3402 libris
301 3341 449 3417 praefixum
465 3347 518 3418 est,
534 3343 565 3401 in
581 3357 708 3400 errorem
722 3340 843 3402 induxit.
871 3342 1022 3402 Discamus
1037 3343 1124 3416 igitur
1139 3341 1254 3401 domino
1269 3341 1378 3399 servire

205 3448 236 3506 in
250 3449 353 3508 timore
369 3451 398 3506 ιι
413 3447 542 3506 exultare
558 3448 658 3506 eicum
670 3452 806 3520 tremore,
820 3453 850 3506 et
861 3464 919 3508 non
930 3449 961 3506 in
972 3448 1078 3506 nostris
1089 3446 1215 3506 consiliis
1227 3449 1257 3504 ιι
1270 3444 1379 3505 domini

210 3553 302 3626 donis,
316 3551 420 3625 quibus
435 3552 580 3610 abutimur
594 3551 724 3624 neglecto
739 3551 840 3612 datore
854 3553 923 3627 deo,
942 3552 1036 3612 sedin
1052 3567 1102 3626 eo,
1119 3551 1156 3610 de
1170 3567 1228 3624 quo
1242 3549 1378 3624 incapite

205 3657 272 3716 riori
287 3656 423 3727 scriptum
438 3658 490 3726 cst,
506 3656 587 3728 virge
597 3657 776 3718 rectitudinis
785 3658 867 3732 virga
881 3659 963 3731 regni
977 3658 1020 3717 tui
1030 3655 1116 3716 fidem
1127 3661 1156 3716 et
1170 3671 1250 3730 spem
1264 3670 1378 3714 omnem

206 3759 356 3820 collocare.
396 3757 489 3832 Super
508 3763 604 3818 autem
624 3760 707 3820 nohis
723 3759 837 3823 Christo
857 3764 973 3837 auspice
992 3765 1023 3822 in
1045 3762 1092 3821 his
1114 3761 1204 3820 tantis
1217 3760 1301 3818 malis
1315 3761 1380 3818 haec

206 3881 271 3940 spes
287 3868 340 3940 cst,
356 3862 433 3938 quod
447 3865 527 3938 impii
543 3871 572 3924 et
587 3866 703 3940 tyranni
717 3856 774 3924 imo
787 3883 856 3928 vasa
867 3869 918 3926 irae
933 3868 1073 3927 tolluntur
1088 3869 1118 3926 in
1133 3867 1231 3940 altum,
1247 3869 1280 3922 ut
1294 3866 1378 3940 lapsu

191 3961 338 4044 “pauore
353 3973 439 4028 ruant
452 3968 640 4045 nihilquedei
655 3970 699 4028 sui
714 3970 873 4031 bonitatem
894 3979 1041 4032 morantes
1056 3977 1195 4041 aeternam
1209 3975 1317 4030 aeterne
1332 3970 1377 4028 in·

205 4079 328 4134 tereant.
352 4074 398 4133 Pii
412 4090 481 4135 vero
497 4081 527 4136 et
540 4073 640 4137 fideles
657 4092 692 4135 ex
707 4077 767 4136 alto
781 4080 878 4151 ruunt,
894 4060 972 4136 utin
987 4079 1155 4151 semetipsos
1171 4074 1379 4136 descendentes

204 4179 310 4253 agnitis
324 4180 450 4253 peccatis
465 4183 495 4238 et
510 4185 628 4254 arrepta
642 4182 841 4241 misericordia
854 4198 908 4256 per
921 4180 1008 4242 fidem
1021 4184 1052 4240 in
1064 4181 1179 4241 Christo
1194 4176 1380 4254 pacificatore

201 4287 367 4360 resurgant.
387 4283 451 4342 Hoc
462 4285 557 4358 ipsum
564 4283 685 4346 Alberto
695 4284 835 4360 nobisque
850 4286 980 4346 omnibus
994 4286 1214 4360 benignissimus
1228 4288 1314 4358 pater
1327 4281 1380 4342 do·

204 4388 274 4473 mini
290 4388 380 4448 nostri
394 4387 466 4446 lesu
481 4385 595 4447 Christi
610 4388 647 4448 oh
667 4398 745 4466 euni,
771 4408 856 4465 quem
877 4407 932 4466 pro
954 4390 1036 4450 nobis
1051 4391 1195 4449 uictimam
1209 4403 1273 4447 csse
1287 4384 1381 4447 voluit

205 4484 446 4582 inremissionem
461 4495 658 4588 peccatorum,
680 4496 880 4570 perspiritum
902 4499 1032 4556 sanctum
1046 4509 1129 4553 suum
1143 4492 1182 4554 ad
1196 4491 1318 4552 nominis
1333 4491 1380 4550 sui
