3017 5225
731 495 795 562 luo

179 686 313 756 geretur,
336 685 388 740 aut
408 679 434 738 si
456 676 486 737 id
508 681 646 737 asenatu
660 678 868 753 negligeretur,
889 691 1022 740 cesarem
1038 677 1199 752 huiusmodi
1214 681 1348 740 ecclesie-

166 793 243 846 ‘sten
259 786 457 845 coerciturum.
491 784 597 842 Verum
612 781 720 840 nullam
734 782 765 840 in
779 782 893 842 homine
908 783 1023 842 οιιοιιι
1032 777 1167 843 ,inuenire
1182 787 1347 860 potuerunt.

178 889 233 950 Ast
248 890 317 965 quid
332 888 435 962 aquilis
451 903 516 947 oum
531 888 635 962 exiguo
649 885 804 946 Musculo?
976 888 980 896 '
1045 891 1049 898 ’

239 992 241 1001 ’
267 993 471 1053 Batusnhoren
490 1008 582 1066 pagus
602 995 646 1049 est
665 989 703 1050 ab
725 990 856 1065 Augusta
878 1007 936 1050 uno
956 997 1008 1050 aut
1030 993 1123 1052 altero
1143 993 1247 1052 miliari
1267 994 1349 1054 dissi-

177 1095 258 1159 dens,
281 1099 339 1159 Ubi
354 1115 418 1157 cum
431 1099 505 1158 bene
520 1103 682 1155 nummatus
704 1093 809 1168 aliquis
828 1097 956 1154 rusticus·
971 1093 1060 1180 filiolo
1075 1095 1126 1158 suo
1142 1098 1257 1172 nuptias
1272 1095 1347 1157 iace·

177 1211 238 1279 ret,
257 1205 295 1264 eh
313 1220 349 1263 eo
371 1210 401 1263 et
421 1204 549 1263 Joannes
565 1189 675 1260 Gessen
695 1200 801 1275 hospes
824 1207 923 1260 noster
940 1205 1066 1260 vocatus.
1106 1201 1177 1262 dum
1192 1207 1288 1262 autem
1304 1202 1358 1280 (ιι

178 1309 255 1384 apud
278 1325 328 1369 cos
342 1309 487 1382 Bavares,
508 1307 611 1380 quihus
625 1305 794 1365 Wilhelmus
814 1303 872 1364 dux
892 1304 1010 1380 praeest)
1033 1321 1139 1381 sponsa
1157 1307 1235 1367 ciret
1256 1309 1348 1370 altare

179 1413 333 1473 duceretur
353 1420 383 1473 et
404 1410 579 1475 sacrificulus
601 1410 695 1470 adhuc
713 1412 858 1469 missitaus
878 1411 963 1470 altari
978 1416 1103 1485 astaret,
1127 1414 1190 1484 ipso
1204 1410 1281 1472 facto
1296 1403 1348 1496 pa}

178 1521 310 1595 pisticam
325 1516 641 1592 religionem'deridens
655 1515 762 1590 hospiti
777 1521 876 1574 nostro
892 1521 921 1574 et
936 1516 999 1574 aliis
1015 1517 1123 1590 civibus
1138 1532 1154 1575 e
1170 1517 1257 1576 culice
1272 1533 1346 1592 ιιις

178 1608 252 1682 bibit
272 1599 302 1682 et
316 1623 431 1682 eosdem
446 1639 482 1687 ex
496 1622 559 1696 ipso
581 1622 670 1678 culice
689 1621 728 1679 ad
744 1621 870 1694 aequales
891 1621 1009 1681 haustus
1030 1611 1292 1697 bibere-permisit,
1316 1627 1349 1682 ut

178 1729 260 1787 testis
276 1733 320 1808 est
334 1728 462 1786 Joannes
477 1725 587 1788 Gesscu
602 1727 695 1785 etalii
710 1725 873 1799 Augustani
889 1726 963 1784 cives
977 1723 1034 1784 fids
1050 1725 1138 1800 digni.

268 1832 382 1891 Samuel
397 1831 474 1906 apud
488 1831 629 1890 ioannem
645 1832 775 1890 comitem
791 1847 809 1888 a
823 1831 881 1889 Ret
868 1831 952 1904 tberg
966 1831 1091 1890 coenavit
1078 1819 1263 1906 ιιοιιιιιιι
1278 1849 1348 1892 vcro

179 1938 247 2006 Οιιο
262 1934 450 2012 argentarius.

267 2042 377 2103 Eadem
399 2041 569 2126 wilhelmus
592 2041 690 2100 senior
708 2033 875 2117 princeps
861 2055 954 2100 comes
974 2045 1004 2106 st
1023 2040 1153 2101 domiuus
1171 2043 1208 2103 ab
1228 2027 1346 2104 Henne-
1359 2067 1362 2076 ·

177 2149 250 2222 berg
269 2150 439 2222 responsum
459 2147 572 2208 hiberti
594 2144 765 2205 marchionis
788 2143 823 2203 de
838 2143 1035 2221 Brundehurg
1048 2161 1136 2221 supra
1150 2163 1238 2208 οιιιι
1251 2148 1345 2208 Frau-

177 2255 246 2312 cisci
260 2253 297 2312 de
311 2241 425 2326 Dulwig
437 2252 519 2312 nohis
534 2249 701 2311 transmisit

196 2370 200 2377 ’
267 2357 460 2429 Juliaoenses,
488 2356 682 2416 Trevereuses
706 2361 736 2413 et
758 2354 886 2414 nonnulli
905 2355 960 2436 ,alii
990 2357 1142 2430 protestati
1162 2361 1229 2418 sunt
1250 2373 1346 2416 coram

178 2461 299 2521 statibus
314 2442 477 2534 imperiide
491 2462 580 2519 nimia
595 2445 743 2520 exactione
759 2450 883 2518 caesads.
923 2461 980 2546 Sed
1001 2462 1068 2534 quia
1088 2461 1190 2521 durum
1209 2462 1267 2522 illis
1283 2479 1348 2522 con-

178 2571 225 2626 tra
238 2564 382 2624 stimulum
395 2565 556 2640 calcitrare,
571 2566 714 2641 repulsam
730 2567 809 2639 passi
823 2569 899 2624 suut.
982 2576 989 2602 ⁸

266 2688 284 2728 ι
299 2669 379 2729 Junii
393 2670 541 2730 Masculus
557 2688 593 2731 ex
608 2650 677 2744 cap.x
686 2663 793 2755 Joann,
812 2672 850 2729 15
871 2673 1002 2745 repetiit:
1030 2672 1229 2747 »Praeceptum
1244 2689 1348 2733 novum

179 2777 217 2836 do
231 2776 321 2850 uobis,
337 2781 371 2835 ut
384 2776 508 2848 diligatis
523 2790 574 2834 uos
588 2777 718 2850 invicem,
734 2778 809 2835 siout
818 2775 911 2835 dilexi
930 2791 1002 2837 uos«
1020 2782 1074 2838 ete.
1113 2774 1247 2837 Iudioaus
1262 2793 1348 2852 quam

134 2890 138 2896 '
178 2883 247 2942 boni
262 2882 448 2955 praeceptoris
463 2878 556 2939 officio
572 2880 704 2939 Christus
720 2880 850 2940 dominus
864 2880 979 2939 functus
993 2880 1096 2958 fuerit,
1121 2884 1171 2957 qui
1186 2882 1258 2942 nihil
1272 2892 1346 2959 pree·

172 2966 299 3065 ceperit,
315 2985 392 3058 quod
407 3001 464 3044 non
475 2985 554 3044 'idem
569 2999 683 3059 qnoque
698 3000 786 3059 opere
800 2986 974 3060 impleverit,
996 2992 1030 3046 et
1045 2982 1188 3061 ιιοιιιοιιο
1202 2988 1257 3049 hoc
1271 3004 1345 3063 prae·

179 3096 261 3165 cepto
277 3095 392 3155 nostros
407 3090 553 3165 proiectus
563 3097 598 3150 οι
611 3096 739 3150 nostram
749 3091 872 3163 sulutem
888 3089 1044 3177 quaesierit.
1067 3093 1140 3152 Item
1156 3094 1262 3166 docuit,
1280 3094 1348 3167 quia

179 3196 382 3284 Christusnos
406 3198 484 3271 prius
507 3198 652 3271 dilexerit,
679 3194 784 3255 nullius
803 3197 848 3255 uel
869 3198 959 3255 nostri
978 3198 1073 3257 meriti
1093 3203 1144 3257 ιιι
1161 3200 1230 3271 boni
1252 3199 1347 3287 operis

178 3310 261 3375 ergo,
287 3301 337 3359 sed
357 3294 394 3359 ex
414 3313 494 3361 mera
516 3307 619 3361 suaet
640 3303 767 3375 gmtuita
787 3300 982 3361 misericordia
1002 3304 1089 3361 etiam
1112 3308 1266 3381 antequam
1287 3304 1347 3362 nati

178 3422 320 3481 essemus,
341 3424 394 3465 uos
409 3408 524 3482 decere,
542 3414 574 3467 ut
588 3406 768 3468 dilectionem
784 3424 853 3481 erga
868 3406 1154 3493 omues‘habeaurus,
1172 3408 1283 3468 etiamsi
1298 3410 1347 3485 qui

179 3527 231 3569 nos
246 3512 292 3571 vel
311 3511 439 3569 laeserint
458 3515 503 3571 uel
526 3513 598 3571 mihil
617 3518 743 3587 unquam
765 3514 800 3572 de
815 3511 986 3571 nobis'bene
1008 3514 1102 3572 meriti
1117 3500 1233 3573 fuerint.
1266 3514 1347 3572 -Nam

178 3590 441 3675 benemerentibus
463 3615 633 3676 benefacere
656 3616 837 3677 ethnicorum
858 3614 972 3691 qnoque
995 3622 1069 3676 esto
1026 3618 1208 3677 ιιιιιιιι
1183 3612 1269 3694 (ιοοιο
1284 3618 1347 3692 ipso

179 3709 307 3791 domiuo)
321 3722 419 3791 magni
433 3728 485 3780 est
523 3721 646 3796 Insuper
663 3722 790 3783 ostendit
809 3740 894 3797 quam
913 3711 997 3783 facile
1016 3702 1083 3781 earo
1098 3730 1206 3783 nostra
1211 3722 1348 3799 superbia

178 3815 319 3883 titilletur
343 3824 488 3910 Exempli
502 3830 606 3901 gratia.
645 3827 675 3886 Si
691 3830 741 3886 oui
751 3831 843 3921 major
857 3829 948 3887 honos
970 3828 1103 3902 contigit,
1124 3804 1229 3902 οιιιιο
1244 3828 1347 3888 ceteris

179 3930 342 4007 opulentior
364 3936 416 3990 aut
434 3933 498 3991 aliis
516 3934 658 4007 sapientia
677 3938 706 3992 et
727 3918 889 3993 eruditione
909 3914 1045 4007 prestio
1070 3931 1140 3991 deus
1162 3933 1238 3993 boue
1262 3949 1346 4009 quam

178 4038 263 4095 nauci
280 4034 368 4095 iaciat
387 4039 558 4132 proximum,
594 4052 658 4096 cum
681 4043 777 4097 ιιιιοιι
803 4037 932 4100 Christus
950 4040 1034 4119 deus
1044 4031 1137 4112 atque
1159 4054 1212 4097 rex
1232 4039 1298 4099 coeli
1318 4043 1348 4113 et

178 4147 264 4214 terrae
279 4142 436 4236 sapientia,
454 4128 555 4218 virtus,
571 4160 651 4203 mens
666 4145 719 4201 οι
710 4160 804 4217 rmago
820 4160 874 4202 nec
888 4160 946 4203 non
960 4141 1041 4203 filius
1052 4144 1216 4217 unigenitus
1232 4142 1279 4206 dei
1293 4159 1345 4219 pa·

178 4248 243 4320 tris,
258 4262 311 4335 nos
326 4250 437 4334 terreos
451 4248 620 4307 vermiculos
635 4248 766 4307 omnihus
780 4248 856 4307 uitiis
871 4252 902 4307 et
923 4236 1077 4323 putredine
1092 4244 1281 4309 ¹scaturientes
1295 4266 1348 4308 sua

180 4328 332 4411 dilectione
348 4325 447 4423 dignat
447 4369 480 4410 us
496 4355 547 4426 sit,
521 4345 641 4411 tadeo
661 4360 696 4412 ut
710 4370 768 4413 uon
783 4354 883 4412 solum
889 4371 944 4432 pro
958 4355 1041 4413 uobis
1055 4356 1159 4413 vitem
1158 4370 1279 4428 ponere,
1296 4353 1347 4413 sed

180 4454 422 4532 despectissimam
436 4462 558 4515 mortem
573 4460 664 4517 crucis
675 4460 739 4531 pati
754 4460 887 4540 voluerit.
911 4458 1004 4517 Jussit
1017 4459 1085 4517 item
1101 4463 1133 4518 ut
1147 4462 1177 4516 et
1190 4460 1281 4533 ipsius
1294 4460 1345 4519 do·

179 4561 248 4621 ruini
263 4560 393 4634 exemplo
414 4562 438 4620 si
459 4579 517 4636 qua
532 4563 647 4623 dilectio
662 4569 713 4625 ant
726 4561 825 4623 fratris
846 4564 1002 4623 necesitas
1017 4564 1047 4623 id
1063 4564 1203 4639 exigeret,
1217 4566 1346 4639 pericula
