3017 5225
743 462 789 528 st

262 644 398 721 suggeri,
413 632 624 720 memphitem,
639 644 825 720 Herbroteri,
848 643 947 706 Gesiei
962 652 992 707 et
1006 644 1147 721 quidquid
1160 645 1266 709 harum
1280 648 1351 709 har·

173 752 287 827 piarum
303 732 362 826 est,
373 745 439 811 suos
454 755 611 824 proventus
626 750 658 811 in
672 750 717 810 his
733 751 854 812 comitiis
869 751 1013 827 adaugere
1029 753 1173 812 dicuntur.

263 856 385 917 Domine
401 856 481 919 Deus
497 861 527 917 et
540 872 602 931 rex,
619 856 650 913 in
663 856 745 930 quus
760 872 847 917 manu
861 856 949 917 oorda
963 858 1089 917 omnium
1104 863 1171 918 sunt
1184 858 1351 934 virentium,

175 962 225 1038 qui
238 961 325 1022 hodie
339 962 409 1021 mihi
423 962 454 1022 in
469 968 622 1035 conspeetu
636 962 665 1021 N
684 967 713 1022 et
733 959 763 1022 N
783 963 907 1037 nouam
927 963 1056 1023 inuenire
1076 962 1198 1038 dedisti,
1223 965 1273 1037 qui
1293 979 1352 1024 non

174 1066 324 1129 contundis
339 1066 427 1127 tocies
442 1067 495 1127 tibi
511 1083 542 1127 se
557 1068 798 1143 permittentium,
820 1068 927 1127 inclina
942 1084 992 1153 cor
1006 1085 1108 1143 regum
1120 1074 1153 1127 et
1172 1069 1278 1129 habeto
1299 1085 1360 1155 cu·¹

175 1188 238 1234 ram
253 1175 353 1235 nostri.
377 1173 413 1232 Id
426 1176 456 1233 te
472 1171 612 1248 deprecor
627 1189 680 1247 per
695 1174 795 1234 Jesum
812 1170 957 1232 Christum
972 1173 1118 1239 dominum
1131 1178 1278 1250 nusum,
1301 1176 1352 1248 qui

175 1274 269 1339 tecum
283 1280 354 1340 vivit
369 1284 398 1339 et
412 1284 517 1355 regnet
531 1281 562 1339 in
576 1280 687 1339 unitate
703 1279 822 1353 spiritus
837 1278 867 1338 S.
879 1278 959 1339 Deus
973 1292 1027 1350 per
1042 1278 1139 1339 omnia
1153 1278 1250 1339 secula
1263 1295 1346 1340 secu·

175 1385 278 1447 lorum.
301 1384 403 1445 Arnen.
1022 1385 1025 1391 “

264 1490 437 1552 Benedictus
452 1489 541 1564 Deus,
564 1489 613 1562 qui
628 1488 767 1549 mirabilis
783 1495 827 1550 est
841 1491 872 1549 in
886 1491 993 1551 sanctis
1013 1491 1083 1550 suis.
1116 1491 1193 1550 Nam
1211 1473 1287 1564 >quos
1305 1489 1350 1550 vi·

176 1596 261 1657 detur
269 1597 354 1670 juxta
368 1599 483 1655 nostros
498 1594 595 1653 oculos
611 1594 759 1669 abjecisse,
775 1594 828 1654 hos
843 1575 953 1669 evehit,
965 1611 1038 1671 quos
1052 1596 1084 1655 in
1097 1596 1187 1674 altum
1202 1594 1349 1670 extulisse,

174 1703 228 1761 hos
242 1707 338 1760 mente
353 1698 448 1760 cordis
464 1702 508 1759 sui
524 1698 672 1775 disperdit,
688 1706 721 1759 ut
735 1699 834 1759 videre
849 1705 902 1760 est.
927 1702 974 1761 Sic
986 1701 1091 1761 Daniel
1105 1700 1236 1775 abjectus
1251 1705 1282 1759 et
1294 1700 1348 1758 hu-

174 1807 251 1866 milis
264 1786 510 1880 ierosolymorum
525 1806 594 1866 civis
610 1806 717 1881 primos
733 1808 856 1867 honores
872 1807 939 1867 exui
954 1812 983 1867 et
997 1807 1138 1868 abductus
1153 1804 1231 1882 apud
1245 1810 1348 1880 poten·

174 1912 315 1973 tissimum
329 1910 495 1985 Babyloniae
511 1928 609 1986 regem
624 1914 819 1985 consequitur.
845 1912 892 1972 Sic
905 1912 1015 1988 Joseph
1031 1911 1201 1973 abamibus
1215 1901 1350 1972 venditus

174 2022 207 2079 et
220 2018 398 2098 ipsexoaptus
414 2024 443 2079 et
461 2018 492 2077 in
512 2032 628 2077 carcere
647 2020 801 2093 primatum
819 2018 881 2092 agit
899 2024 928 2077 et
946 2018 1087 2079 secundus
1106 2016 1141 2078 fit
1156 2017 1223 2093 post
1239 2033 1348 2093 regem.

176 2124 223 2184 Sic
232 2124 360 2185 Joannes
369 2122 536 2184 ibiderieus
549 2129 579 2184 et
593 2124 747 2185 ditionibus
763 2123 894 2183 omnibus
909 2129 1012 2185 exutus
1028 2124 1101 2184 etin
1117 2122 1247 2184 custodia
1261 2122 1350 2182 etiem

175 2230 213 2290 ab
226 2229 357 2291 hostibus
372 2230 469 2303 magni
482 2228 517 2289 fit
531 2234 561 2290 et
575 2246 593 2289 a
608 2233 693 2303 gente
708 2229 872 2302 alienigena
887 2233 917 2289 et
931 2230 1044 2289 exotica
1057 2229 1131 2288 bene
1146 2227 1241 2301 audit,
1261 2226 1347 2285 Mau·

175 2336 259 2395 ritius
273 2336 323 2395 iiie
339 2339 368 2395 et
383 2334 420 2394 ab
433 2335 541 2395 exteris
557 2334 719 2410 nationibus
735 2339 765 2393 et
779 2348 798 2391 a
818 2331 981 2393 Germaniae
1000 2334 1141 2408 indigenis
1160 2333 1236 2392 mule
1256 2332 1347 2406 audit,

138 2520 150 2547 ι
174 2439 250 2502 icrte
264 2456 340 2500 nunc
355 2455 527 2515 agnoscens,
551 2443 661 2513 quantu
680 2436 834 2501 infelicitas
854 2440 892 2498 sit
907 2422 992 2512 juxto
1010 2438 1236 2499 Machabeorum
1257 2436 1348 2497 libros

175 2560 331 2622 prosperos
346 2560 415 2620 erga
429 2549 565 2620 cognatos
580 2544 688 2604 habere
703 2558 863 2618 successus,
879 2560 916 2603 ne
930 2544 1047 2603 interim
1062 2544 1165 2603 animis
1180 2544 1271 2620 ipsius
1284 2543 1346 2602 Au·

175 2653 251 2726 gusti
263 2649 413 2712 Octaviani
424 2649 516 2711 dicto:
532 2649 728 2711 Proditionem
738 2665 813 2724 cmo,
829 2650 1007 2724 proditorem
1020 2662 1080 2709 non
1093 2651 1145 2725 itu,
1161 2647 1345 2725 percelletur.

264 2775 322 2820 xxv
340 2757 462 2834 Aprilis,
494 2773 558 2830 quae
577 2757 670 2815 Marci
695 2755 890 2830 Evangeiistee
915 2770 998 2814 sacra
1020 2761 1084 2815 erat
1102 2741 1165 2815 dies
1185 2757 1218 2819 in
1239 2755 1347 2828 tommo
1377 2822 1381 2824 ,

175 2864 320 2939 Minorum
333 2877 493 2924 sermonem
505 2859 605 2922 audire
614 2862 788 2935 volebamus,
803 2875 904 2920 rerum
911 2862 936 2918 is
951 2865 1018 2920 ante
1033 2865 1143 2920 sextam
1157 2858 1256 2919 finitus
1272 2862 1346 2944 erat,

175 2987 265 3046 quare
280 2970 319 3030 ad
333 2969 370 3028 D.
386 2967 516 3031 Maurius
530 2967 621 3027 aeden
640 2983 693 3032 uos
712 2966 897 3039 contulimus,
921 2964 961 3023 ibi
981 2966 1017 3024 D.
1038 2965 1201 3025 Musonium
1222 2982 1259 3024 ex
1280 2979 1345 3038 cup.

178 3081 219 3136 14
241 3075 363 3136 ioannis
381 3072 444 3132 haec
459 3073 547 3158 rerba
562 3072 666 3132 Christi
681 3073 803 3132 scilicet:
828 3070 1044 3130 «Haeclocutus
1061 3087 1124 3130 sum
1143 3069 1241 3144 vobis,
1266 3067 1347 3144 apud

175 3196 226 3241 yos
240 3195 375 3254 manens,
399 3179 562 3253 paracietus
577 3158 673 3239 eutem
682 3178 750 3252 iiie,
774 3177 824 3251 qui
838 3182 883 3236 est
897 3176 1021 3248 Spiritus
1037 3177 1066 3236 S.
1083 3192 1169 3251 quem
1188 3171 1363 3266 (spiritum)-

174 3287 269 3348 mittet
283 3290 366 3360 pater
380 3285 495 3344 nomine
509 3299 582 3360 meo,
598 3285 647 3344 ilie
661 3293 712 3345 ros
729 3282 843 3345 docebit
857 3282 953 3341 omnia
967 3287 998 3342 et
1012 3288 1149 3356 suggeret
1155 3279 1237 3341 robis
1249 3264 1347 3338 omnia

173 3405 349 3466 quacunque
366 3390 425 3450 dixi
440 3391 540 3451 vobis»
558 3391 701 3476 legentem
716 3393 746 3450 et
761 3392 956 3463 exponentem
971 3377 1140 3446 audirimus.
1170 3383 1276 3446 Docuit
1290 3384 1345 3459 igi·

174 3502 222 3556 tur
231 3496 308 3556 inter
319 3501 433 3571 coetera,
450 3497 514 3570 quis
529 3501 606 3556 esset
619 3495 667 3555 iiie
682 3495 800 3568 spiritus
815 3492 946 3553 veritatis
960 3497 991 3552 et
1005 3495 1137 3566 quisnam
1151 3493 1176 3552 is
1191 3496 1277 3563 esset,
1294 3490 1346 3562 qui

172 3619 237 3662 eum
252 3601 310 3662 dat.
333 3602 406 3662 item
421 3599 498 3674 quod
513 3600 747 3660 exercitationem
763 3599 896 3658 doctrina
910 3597 1074 3672 praecedere
1086 3597 1199 3672 debeat,
1216 3599 1247 3671 et
1263 3593 1345 3668 prius
1364 3648 1369 3654 .

173 3709 284 3768 discere
300 3723 386 3780 quam
401 3707 475 3765 scire
490 3705 650 3766 conveniat.
674 3703 794 3762 Nullum
809 3703 885 3762 enim
900 3701 1025 3762 officium
1039 3703 1192 3784 velantem
1211 3714 1344 3760 necessa-

173 3813 246 3873 riam
261 3827 397 3872 exeroere
411 3813 532 3886 poterit,
550 3811 599 3885 qui
614 3825 673 3870 nen
687 3810 769 3884 prius
784 3797 932 3882 abaliquo
946 3809 1103 3867 instructus
1118 3822 1182 3866 eam
1195 3791 1285 3881 probe
1299 3803 1344 3862 di-

173 3907 284 3978 dicerit.
317 3917 390 3978 Item
405 3915 550 3977 Christum
563 3915 600 3974 D.
617 3914 755 3990 apostolis
771 3916 829 3974 suis
849 3916 879 3973 in
900 3917 1035 3986 quartum
1053 3929 1145 3986 usque
1167 3894 1274 3971 annum
1293 3924 1346 3968 ore

173 4039 225 4083 suo
240 4027 424 4083 samosancto
440 4022 638 4081 concionatum
654 4035 730 4096 esse,
754 4037 808 4081 neo
822 4025 919 4080 tamen
935 4035 984 4078 eos
1000 4033 1037 4077 ex
1051 4033 1138 4077 carne
1153 4017 1189 4076 et'
1204 4015 1346 4089 sanguine

170 4129 246 4187 huuc
260 4127 384 4189 fructum
398 4129 553 4188 solutorem
568 4131 772 4202 consequutus,
797 4127 867 4207 quin
888 4124 942 4183 hoc
962 4109 1066 4198 spiritu
1085 4122 1234 4197 paracleto
1255 4119 1345 4179 corda

172 4248 271 4292 eorum
285 4235 469 4307 aperirentur
484 4237 513 4293 ct
527 4231 564 4292 ab
578 4231 628 4293 ilio
644 4233 826 4292 docerentur.
854 4228 1014 4289 item'nihii
1033 4226 1130 4299 iacere
1150 4225 1188 4316 ad
1208 4220 1343 4298 sulutem,

171 4338 405 4413 multotempore
419 4336 538 4398 verbum
558 4337 714 4412 audivisse,
738 4337 770 4394 ni
789 4334 906 4409 spiritus
929 4349 1044 4407 quoque
1060 4335 1141 4393 intus
1160 4317 1347 4416 cooperetur:

172 4445 246 4504 Item
260 4461 346 4529 quam
368 4445 455 4504 etiam
475 4443 511 4502 D.
532 4443 702 4516 Hieronymi
721 4445 808 4499 aetste
829 4437 950 4498 ecclesie
969 4440 1007 4499 ah
1027 4438 1083 4499 hoc
1103 4438 1206 4513 spiritu
1225 4436 1344 4495 deviare

169 4549 304 4627 coeperit,
320 4549 467 4612 evidenter
482 4565 518 4610 ex
532 4547 627 4609 verbis
645 4524 735 4622 ipsius
743 4544 913 4619 Hieronymi
927 4543 958 4603 in
973 4545 1095 4620 epistola
1102 4526 1141 4608 ad
1149 4541 1344 4619 Nepotianum
