3017 5225
766 428 812 497 04

206 615 291 676 deso
306 610 542 685 metuemusssed
557 612 700 673 amenti
714 608 772 671 fide
785 611 817 671 in
828 608 945 670 christo
956 606 1262 698 diaholoresislamus.
1293 607 1379 680 Item,

205 720 242 779 de
256 735 300 791 eo,
316 718 394 793 quod
409 716 538 778 Christus
553 718 677 778 dixerat:
695 716 775 789 ebed
789 721 823 775 at
835 715 957 776 mundus
972 718 1135 791 cognosset,
1150 714 1228 788 qnod
1241 728 1297 787 epo
1312 710 1380 771 dili·

206 830 428 897 pompeam«,
449 824 535 896 jussit
550 827 580 881 et
594 839 646 882 nos
661 822 792 883 similiter
812 823 952 881 animatos
972 836 1045 881 esse.
1074 820 1104 879 Si
1123 821 1166 879 ile
1179 818 1296 877 domino
1314 817 1379 889 ple·

206 929 294 989 eitum
306 927 403 1001 fuerit,
426 934 459 987 nt
478 944 591 989 oruoem
611 927 745 1001 ieramus,
769 927 869 987 demus
889 941 1016 999 operem,
1040 940 1078 985 ne
1096 924 1192 985 animo
1210 928 1379 988 consterne-

206 1051 278 1107 mur,
301 1035 353 1094 ssd
367 1032 424 1093 fide
439 1035 527 1093 erecti
542 1049 594 1093 nos
608 1034 680 1096 teles
697 1030 886 1109 prebeamns,
910 1032 960 1105 qui
978 1032 1074 1099 omnia
1093 1035 1124 1091 et
1141 1026 1238 1102 faeere
1256 1033 1287 1088 ot
1300 1026 1380 1085 ferre

205 1140 364 1213 cupiemus,
389 1155 446 1212 quo
468 1139 574 1199 mundo
595 1140 737 1202 testatum,
752 1136 818 1209 fiet,
841 1153 894 1197 nos
918 1140 950 1195 et
972 1135 1212 1196 hunodominum
1231 1149 1329 1193 amare
1350 1137 1382 1191 et

206 1246 267 1318 eins
283 1245 378 1318 gretia
394 1244 498 1315 omnia,
523 1259 587 1317 quse
601 1244 679 1302 illius
693 1244 816 1318 pomam
829 1223 1015 1314 concernunt,
1038 1242 1151 1316 perpeti
1170 1240 1379 1313 paratissimos.

206 1346 290 1421 Nem,
313 1348 414 1421 inquit,
439 1350 463 1407 si
482 1349 516 1419 is,
541 1348 588 1421 qui
608 1332 775 1421 imperatori
794 1347 870 1409 tides
888 1347 980 1410 videri
999 1346 1069 1419 vult,
1094 1346 1199 1416 omnis,
1221 1346 1253 1404 in
1274 1343 1380 1420 quibus

205 1455 373 1528 imperatori
387 1469 496 1513 morem
511 1468 542 1512 θθ
556 1469 658 1527 gerere
673 1440 758 1541 posse
772 1454 940 1525 arbitretur,
963 1459 993 1512 et
1007 1450 1108 1511 suffert
1127 1456 1157 1509 et
1169 1447 1247 1521 lacit,
1271 1452 1301 1507 et
1316 1448 1380 1521 eJue

206 1575 238 1618 se
259 1561 380 1620 amioum
400 1558 446 1617 vel
467 1552 600 1617 clientem
618 1557 739 1633 latetur,
755 1564 872 1637 ‚quanto
894 1558 992 1632 magis,
1005 1556 1037 1617 id
1056 1571 1109 1615 nos
1129 1558 1270 1629 prestere
1290 1552 1385 1612 debo-

206 1680 278 1734 mus,
301 1664 351 1735 qui
370 1648 508 1723 hahemus
530 1664 675 1723 dominum
689 1664 708 1723 J
709 1680 787 1723 esum
801 1663 898 1725 mulds
912 1659 1133 1736 imperatoribus
1146 1640 1295 1732 majorem,
1316 1672 1379 1715 ma·

206 1768 280 1827 xime
300 1783 364 1825 oum
383 1767 463 1841 impii
482 1774 653 1841 potestatem
675 1785 762 1842 super
782 1773 890 1829 sortem
907 1768 1052 1840 justorum
1072 1780 1131 1824 non
1152 1763 1288 1823 habeant.
1313 1760 1382 1820 Etsi

207 1886 259 1931 nos
281 1872 312 1929 in
334 1872 449 1930 exilium
470 1874 513 1931 ire
538 1878 651 1947 cogent,
674 1872 712 1937 ab
735 1888 827 1931 uxore
852 1877 882 1931 et
903 1871 1001 1933 liberis
1028 1869 1156 1930 avellant
1176 1873 1231 1927 ete.
1254 1866 1381 1938 denique

207 1974 252 2035 vel
273 1977 360 2037 vitem
382 1977 519 2050 eripient,
542 1976 614 2037 nihil
632 1982 728 2037 temen
749 1979 781 2035 in
803 1978 928 2037 animam
952 1978 1000 2037 vel
1020 1976 1142 2036 salutem
1163 1979 1292 2035 nostram
1306 1987 1384 2045 pos·

207 2087 274 2155 sunt
292 2087 346 2141 ete.
385 2083 430 2141 De
450 2082 552 2143 horum
573 2082 725 2144 verborum
748 2083 961 2158 explanatione,
985 2082 1094 2141 seilioet
1114 2081 1215 2160 »Siout
1233 2077 1382 2139 mmdevit

207 2188 275 2253 mibi
290 2194 382 2262 pater,
398 2188 441 2247 sio
453 2186 587 2261 letiam«,
604 2188 645 2247 ait
659 2204 690 2248 se
704 2188 735 2246 in
749 2204 811 2261 cap.
829 2189 851 2245 8
864 2187 950 2262 hujus
960 2187 1148 2261 evangeliste
1161 2186 1247 2259 plura
1261 2184 1380 2254 dixisse,

203 2291 309 2365 jubens
330 2297 436 2365 temere
459 2300 501 2364 ut,
525 2295 549 2351 si
569 2292 663 2351 Deum
684 2292 804 2365 diligere
823 2292 952 2365 velimus,
976 2308 1041 2365 quse
1060 2290 1133 2356 deus
1145 2289 1327 2364 preceperit,
1351 2293 1382 2346 et

206 2395 351 2456 faciamus.
390 2398 497 2468 Sciens,
513 2397 614 2469 inquit,
636 2396 777 2467 dominns,
798 2412 884 2469 quam
898 2398 1032 2470 princeps
1046 2393 1288 2475 huiusmundiin
1301 2375 1383 2453 ouda

208 2508 238 2561 et
252 2518 311 2560 suae
327 2503 414 2561 sortis
427 2502 587 2561 bominibus
602 2498 727 2573 fureret,
751 2502 806 2561 ait:
830 2502 959 2577 Sue-gite,
982 2516 1080 2561 oeneus
1093 2500 1167 2561 bino.
1273 2515 1276 2524 ’

295 2607 358 2668 Hae
378 2606 425 2668 die
444 2607 515 2670 nihil
535 2607 716 2668 sollicitatum
736 2614 790 2682 est,
814 2625 851 2668 no
872 2608 986 2670 onerosi
1000 2613 1052 2668 eet
1064 2606 1152 2666 taedio
1172 2603 1273 2666 aulicis
1294 2603 1386 2663 semi-

209 2713 269 2774 deis
284 2729 419 2774 essemus.
1292 2756 1295 2765 .

295 2818 406 2880 Eadem
419 2819 449 2878 in
464 2820 571 2893 palatio
587 2818 708 2881 Ossaeis
722 2837 776 2880 rex
789 2820 991 2882 Fordinandas
1005 2826 1036 2880 et
1049 2818 1182 2878 adrorati
1196 2817 1277 2878 (lueis
1288 2815 1383 2878 Udel·

207 2925 260 2984 rioi
274 2925 580 3004 coramlmperielibus
595 2925 767 2986 musiliariis
781 2925 956 2999 presidente
975 2923 1190 2998 archiepiscopo
1210 2921 1383 2997 coloniense

209 3043 308 3101 censes
324 3030 457 3102 egebant.
1106 3091 1112 3104 ,

297 3132 420 3202 Domine
438 3135 522 3209 Jesu,
547 3135 596 3209 qui
616 3151 646 3194 es
666 3133 809 3209 ipsissima
827 3135 949 3207 ventas,
971 3139 1005 3194 tu
1025 3151 1095 3194 vere
1114 3134 1221 3207 dixisti,
1239 3148 1298 3192 ,nos
1318 3133 1383 3192 sine

208 3244 239 3299 te
252 3238 323 3298 nihil
337 3255 430 3312 posse,
462 3241 553 3314 Quam
567 3241 604 3300 ob
619 3256 680 3299 rem
694 3239 841 3300 humiliter
858 3246 888 3306 te
907 3241 1103 3313 deprecamur,
1125 3246 1165 3300 ut.
1179 3238 1269 3299 dones
1282 3237 1338 3298 tibi
1350 3239 1382 3297 in

204 3346 339 3410 omnious
359 3346 478 3414 obedire
497 3352 531 3413 et,
546 3345 600 3408 tibi
621 3345 674 3405 soli
695 3345 788 3405 inniti.
826 3343 948 3404 Causam
963 3343 1084 3406 deiende
1098 3349 1186 3416 tuam,
1209 3349 1262 3404 tua
1275 3345 1380 3418 glorie,

210 3449 335 3524 Christe,
360 3453 467 3520 vineat,

297 3575 316 3615 v
332 3555 407 3630 idnji
426 3558 456 3615 in
475 3557 582 3630 templo
603 3556 805 3625 observantem
823 3554 853 3613 d.
873 3554 1042 3616 Leonardue
1061 3553 1178 3615 familia
1195 3555 1382 3616 eouoionatus

210 3666 255 3722 est
275 3679 311 3720 ex
333 3677 395 3734 cap.
421 3663 461 3720 28
484 3640 604 3733 Matthss,
629 3659 763 3719 nmirum
784 3659 821 3719 de
839 3659 884 3724 his
905 3658 1015 3718 vorbis:
1037 3660 1078 3720 Et
1095 3661 1166 3720 exiit
1186 3676 1280 3724 sermo
1302 3659 1382 3734 apud

209 3766 336 3838 ludaeos,
360 3781 450 3838 usque
468 3765 499 3824 in
517 3765 690 3836 hodiernum
708 3763 784 3822 diem
803 3767 857 3822 eto.
886 3762 1026 3836 Audistis
1049 3765 1151 3838 inquit,
1174 3765 1382 3825 nudiustertius

210 3876 239 3930 et
252 3870 389 3944 perendie
398 3871 441 3930 de
455 3870 615 3943 pervicacia
629 3867 797 3928 ludaeorum
812 3872 842 3926 et
855 3867 976 3928 militum
995 3884 1109 3942 quoque
1123 3868 1234 3942 perfida
1248 3859 1381 3941 avirit'in,

211 3977 260 4049 qai
273 3981 391 4050 seoepta
405 3974 539 4050 pecunie,
563 3979 596 4036 ut
615 3973 753 4034 a'seribis
774 3977 804 4032 et
817 3972 973 4034 Pharisaeis
993 3973 1088 4035 edocti
1107 3981 1200 4048 erant,
1222 3975 1300 4033 huno
1318 3991 1381 4032 ser·

210 4097 322 4140 monem
337 4085 518 4155 sparserant,
543 4094 640 4153 quem,
663 4080 793 4153 inquam,
816 4077 997 4143 sermonem?
1019 4066 1153 4140 nimirum
1170 4079 1271 4151 telem,
1294 4076 1382 4137 disei-

210 4185 294 4262 pulos
318 4184 472 4244 suffuratos
496 4200 558 4254 esse
578 4189 666 4246 noctu
684 4201 789 4260 eorpus
808 4184 916 4244 domiui
933 4184 1017 4248 Jesu,
1052 4185 1108 4257 Qui
1127 4201 1222 4244 sermo
1245 4190 1276 4243 et
1295 4198 1384 4256 quem

211 4291 371 4358 verisimilis
387 4291 433 4376 sit,
457 4289 576 4349 audistis
597 4291 691 4365 etiam,
715 4295 859 4358 ettamen
878 4289 925 4347 hio
943 4304 1037 4349 sermo
1056 4289 1135 4364 apud
1154 4287 1382 4350 Judeosbbsd·

212 4399 309 4469 neme,
324 4411 392 4476 ,non
412 4394 489 4470 apud
511 4393 686 4458 Christianos
707 4395 873 4468 permansit.
920 4394 1003 4466 Quod
1024 4399 1120 4453 eutem
1141 4394 1205 4452 haeo
1226 4392 1385 4454 Mattheus

213 4500 387 4574 evangeliste
406 4505 465 4560 tam
485 4499 599 4560 disertis
621 4498 716 4561 verbis
740 4499 869 4560 indieare
894 4499 1031 4571 voluerit,
1054 4499 1121 4560 ideo
1141 4497 1248 4560 laetum
1269 4501 1326 4568 est,
1350 4501 1385 4557 nt
