3017 5225
698 439 763 509 sss
829 521 831 530 s

142 635 178 708 se
191 618 693 698 mundo·a,nolrisnonp,ottl1aberi
745 622 909 684 Videndum
930 628 1026 684 entem
1041 624 1124 686 nobis
1139 614 1192 698 est,
1215 639 1253 684 ne
1273 625 1320 686 hio

137 726 227 799 juxta
248 725 276 785 d.
293 725 375 786 Petri
395 726 580 797 monitionem
598 727 660 786 lraeo
681 729 825 789 a‘mundo
837 729 886 798 ,ob
909 730 1067 803 nequitiam
1093 734 1222 792 noemam
1239 730 1320 804 justo

142 831 212 893 odio
231 830 312 905 digni
332 833 486 906 patiamur.
530 832 612 892 Tune
627 809 806 894 enim‘vaua
827 842 857 895 et
880 833 1045 920 fresnau‘ea
1065 841 1165 894 nostra
1185 834 1319 908 gloriatio

141 933 229 996 foret
267 936 325 998 Sed
339 921 470 1010 querere
485 923 628 1012 quispiam
647 944 762 1012 posset,
776 954 843 998 ¹oum
858 938 987 1000 Christus
1004 939 1082 1013 dioit,
1107 939 1248 998 »mundus
1268 955 1319 1000 vos

142 1041 238 1116 omae,
254 1057 293 1102 an
304 1041 362 1103 hoe
376 1043 452 1103 dieto
467 1043 553 1104 etiam
567 1044 636 1104 velit
649 1040 798 1116 pontifices
810 1051 842 1104 et
856 1045 1009 1119 optimates
1023 1045 1121 1109 mundi
1135 1045 1188 1106 sub
1203 1045 1319 1106 nomine

141 1146 244 1208 mundi
263 1147 403 1208 ooneludi.
440 1147 627 1222 Respondeo‚
642 1149 850 1210 meretricibus
870 1155 900 1212 et
920 1151 1081 1225 publicanis
1094 1182 1097 1188 ,
1108 1145 1318 1224 quodammodo

81 1267 92 1277 ·
142 1252 247 1311 melius
261 1244 326 1310 enin
340 1249 456 1312 christo
471 1254 650 1330 eouvamms,
673 1271 709 1314 eo
724 1255 801 1328 quod
821 1255 876 1317 hoe
889 1239 1034 1318 hominum
1049 1271 1139 1330 genus
1154 1260 1184 1314 et
1198 1237 1319 1332 peecata

142 1373 198 1418 sua
212 1362 243 1434 at
256 1357 396 1419 medioum
415 1359 573 1420 animarum
595 1376 713 1423 suarum
727 1359 872 1422 Christum
895 1363 977 1422 eitius
992 1363 1160 1436 agnoverit,
1177 1361 1318 1422 Pharisaei

141 1476 214 1522 vero
229 1465 259 1520 et
271 1477 407 1536 praeeras
418 1464 528 1538 judaiei
541 1467 723 1540 apertissimo
745 1466 813 1534 odio
827 1465 903 1526 hune
917 1469 1158 1542 prosecuti'sunt,
1183 1473 1216 1528 nt
1230 1467 1317 1526 etiam

143 1565 323 1655 euangelista
336 1568 465 1628 mannes
481 1569 518 1630 ds
532 1558 629 1634 Pilato
644 1572 757 1633 ethnioo
772 1571 887 1646 dixerit,
908 1571 1001 1632 solens
1016 1553 1229 1648 quodpropter
1244 1573 1316 1631 invia

144 1671 225 1734 diam
238 1672 427 1738 tradidissent
441 1690 515 1736 eom.
553 1676 624 1736 Hae
637 1677 726 1751 igitur
740 1678 877 1751 seientes,
901 1677 944 1735 ait
957 1677 1124 1752 Museulua,
1141 1678 1252 1749 animos
1266 1692 1317 1736 no-

143 1781 222 1840 stros
237 1773 432 1860 obfirmamus,
457 1795 522 1840 oum
535 1781 598 1842 haee
612 1770 765 1860 apostolis,
786 1781 973 1855 patriarchis,
994 1781 1142 1858 prophetis
1156 1788 1186 1842 et
1201 1783 1317 1842 domino

141 1881 199 1954 ipsi
214 1878 329 1941 Christo
348 1881 521 1959 moduine,
543 1889 577 1972 si·
588 1887 743 1962 aliquando
766 1893 796 1948 et
815 1889 846 1946 in
867 1893 997 1946 nestrum
1019 1887 1114 1948 sinum
1128 1875 1257 1962 induant,
1280 1903 1317 1946 ne

142 2000 223 2058 aegre
237 1984 293 2045 hoe
304 1985 442 2063 ieramus,
458 1990 603 2067 sedeam,
627 1994 676 2066 qm
690 2009 743 2052 nos
758 1993 838 2066 prius
853 1993 941 2066 elegit
955 1999 985 2052 et
999 2009 1084 2066 quem
1098 1993 1221 2052 mundus
1236 1993 1317 2067 prius

130 2088 210 2150 'odio
224 2089 334 2165 habuit,
343 2093 495 2169 imitemur,
506 2096 699 2174 obedientiam
713 2097 756 2159 illi
769 2102 941 2171 praestemus
956 2104 986 2158 et
995 2115 1014 2158 a
1023 2095 1154 2158 confessa
1169 2096 1258 2156 semel
1267 2112 1315 2156 ve-

141 2196 231 2258 ritate
253 2211 311 2256 uon
334 2199 512 2276 recidamus,
539 2201 617 2284 quod
635 2204 719 2264 nobie
741 2201 839 2264 faveat
863 2202 934 2262 deus
957 2208 1041 2278 pater
1062 2218 1115 2276 per
1130 2199 1220 2260 lilium
1234 2215 1316 2262 suum

51 2318 55 2322 ·
143 2299 254 2360 lesum
276 2301 378 2364 Amen.

163 2471 166 2477 ,
235 2405 345 2469 Eadem
367 2408 552 2470 wilhelmum
574 2387 705 2470 oomitem
724 2429 743 2472 a
764 2411 879 2474 Nassum
903 2413 934 2470 in
955 2413 1080 2487 hospitio
1110 2397 1317 2486 archiepiscopi

125 2509 324 2574 'coloniensis
343 2513 463 2575 alloouti
477 2532 588 2591 sumna,
613 2518 662 2590 qui
685 2519 727 2578 ait
743 2535 778 2578 se
793 2517 1044 2593 arehiepiscopum
1058 2519 1150 2578 nostri
1166 2533 1236 2592 ergo
1251 2511 1317 2574 don-

144 2619 272 2711 senissa,
291 2626 327 2680 et,
344 2620 386 2680 illi
400 2625 580 2696 noupraeter
594 2639 657 2683 tem
675 2623 781 2699 videri,
805 2626 837 2683 si‘
852 2624 891 2683 ad
912 2624 1066 2699 prandium
1086 2614 1224 2698 adessem,
1249 2639 1316 2683 nam

143 2724 372 2801 ipsumlouoque
391 2744 428 2787 ao
446 2726 584 2788 futurum.
630 2729 757 2789 Prandio
779 2729 868 2803 igitur
887 2726 1064 2795 coloniensis
1086 2730 1231 2804 praeeipne
1253 2729 1314 2801 eJ'us

145 2846 253 2892 mansee
274 2830 441 2892 assidebant
454 2833 544 2895 abbas
559 2850 578 2893 a
592 2833 796 2910 Weingarten,
812 2833 960 2911 (ieramus,
985 2834 1164 2908 willelmae,
1188 2848 1316 2893 comesa

145 2937 271 3011 Nassau,
286 2936 433 3022 listulas,
455 2937 524 2998 Otto
538 2950 632 2998 eomes
646 2955 666 2997 a
680 2940 883 3023 Soharunberg,
906 2940 1077 3003 Ohunradus
1091 2956 1110 3000 a
1123 2920 1317 3014 Beuneburgk

143 3058 244 3117 egnes,
251 3042 536 3119 barouSohonbsrg,
545 3045 595 3119 qui
603 3046 795 3107 marsohslous
806 3047 922 3129 caesaris
936 3047 1050 3121 dieitur,
1060 3047 1143 3106 Vitas
1152 3064 1171 3107 a
1180 3044 1314 3119 Velberg.

233 3148 262 3207 A
275 3148 398 3224 prandio
416 3150 470 3211 der
494 3150 630 3211 vnbillieh
651 3152 736 3211 Bilek
757 3152 939 3228 provincialis
952 3150 1182 3227 ¹carmelitarum
1204 3145 1316 3209 adfnos
1339 3216 1343 3223 ,

144 3255 234 3329 veuit,
249 3234 440 3337 interrogans,
457 3256 588 3330 nunquid
602 3273 648 3315 me
661 3258 828 3316 Ratisbonae
842 3257 970 3316 uidisset.
1008 3255 1106 3314 Primo
1120 3253 1258 3328 respondi
1271 3269 1317 3311 me

145 3354 276 3436 nesano,
298 3366 487 3434 posteaquam
504 3367 601 3425 autem
621 3378 687 3421 eum
701 3376 806 3435 urgere
821 3360 934 3435 audiui,
958 3376 1054 3421 annon
1068 3338 1210 3431 eolloouio
1225 3358 1317 3414 inter·

143 3464 272 3539 fuissem,
286 3467 437 3543 respondi:
455 3467 486 3527 Si
500 3475 533 3528 tu
546 3485 577 3533 es
592 3468 642 3530 ille
655 3469 772 3543 iniquus
787 3482 886 3539 aequus
903 3464 1000 3543 (allusi
1015 3466 1090 3525 enim
1105 3464 1316 3539 adcognomen

142 3557 222 3645 ejus)
243 3570 287 3631 fui
300 3573 365 3633 istie
379 3577 409 3632 et
423 3580 452 3633 te
466 3590 580 3647 quoque
594 3572 742 3648 vidl„nee
762 3571 873 3646 abnego
888 3588 934 3631 me
956 3570 1062 3644 ibidem
1075 3568 1172 3645 fuisse,
1189 3583 1242 3627 nee
1256 3583 1317 3641 poe·

145 3676 392 3763 uitetJBilelrium
414 3683 510 3737 autem
525 3677 715 3753 interrogavi,
729 3678 783 3753 qui
796 3676 894 3753 fieret,
917 3675 995 3752 qnod
1014 3677 1098 3737 modo
1120 3690 1216 3735 meter
1231 3676 1325 3749 esset,

145 3796 211 3841 eum
224 3780 391 3856 Ratisbonoe
409 3783 513 3843 obesus
527 3782 624 3859 luerit,
641 3789 671 3843 et
683 3800 760 3843 nune
773 3788 850 3847 totus
865 3788 939 3859 ater,
953 3798 1018 3842 eum
1033 3786 1101 3841 tunc
1115 3782 1206 3855 nigrae
1221 3779 1316 3839 sutul-

145 3887 182 3945 lae
196 3886 349 3974 candidam
363 3887 531 3948 chlamidem
546 3888 798 3963 superinduxerit?
831 3876 992 3963 Respondit
1006 3903 1037 3946 se
1052 3902 1127 3946 nuno
1141 3886 1172 3943 in
1187 3884 1315 3961 peregri·
1332 3910 1334 3917 ι

145 3979 264 4068 uatium
278 4008 341 4053 esse
355 3998 387 4053 et
400 4007 459 4053 non
473 3992 567 4053 solere
578 3994 700 4055 madido
711 3995 821 4068 vestiri,
832 3992 887 4053 nisi
901 3994 931 4053 iu
946 3990 1126 4066 geneseus
1140 3994 1316 4051 versaretur.

146 4097 206 4160 Sed
224 4105 380 4174 autequam
399 4100 494 4170 sermo
517 4099 592 4159 inter
613 4116 666 4159 nos
685 4099 799 4174 longius
824 4096 1062 4173 progrederetur,
1087 4098 1200 4155 mature
1221 4110 1317 4153 eomes

146 4202 318 4292 willielmus
332 4206 496 4265 missionem
511 4203 548 4264 ab
563 4206 699 4280 episeopo
712 4205 807 4279 petiit,
827 4218 911 4277 quem
933 4202 1011 4265 ocius
1027 4199 1196 4273 subsequuti
1209 4214 1315 4266 sumus.

145 4308 233 4370 Hune
250 4309 407 4385 honorem,
437 4326 500 4369 eum
523 4326 570 4369 me
591 4308 630 4369 ad
650 4326 758 4383 prunas
781 4306 942 4383 pontificias
964 4303 1165 4380 ealefseerem,
1188 4310 1249 4363 tum
1271 4318 1317 4362 re·

145 4417 270 4494 msto
395 4488 398 4493 .
450 4426 455 4433 ’
605 4467 610 4477 f
631 4446 636 4451 '
838 4454 848 4497 ,·

150 4568 155 4573 -
236 4518 392 4587 Othonem
414 4528 446 4585 et
458 4521 614 4583 Ernestum
632 4520 762 4583 comitem
778 4534 797 4579 a
812 4516 1019 4595 Sohaumberg,
1034 4514 1140 4577 iratres
1161 4527 1314 4595 germanos
1380 4528 1384 4533 ·

220 4642 227 4656 .
251 4617 256 4623 '
1029 4624 1066 4681 11
1085 4618 1101 4655 st
