3017 5225
748 462 792 529 36

200 728 201 731 ¹
271 640 399 704 Abibant
413 642 513 704 eadem
526 640 616 705 frater
630 649 729 705 noster
747 644 888 720 loannes,
911 643 1100 706 Wendelinns
1120 648 1151 705 et
1169 646 1358 722 Milchlingus

183 746 381 827 sollicitatum,
397 754 428 810 at
442 749 671 810 antemeridiano
686 756 816 831 tempore
831 766 916 811 nemo
931 766 968 810 ex
982 750 1151 811 consiliariis
1165 753 1197 812 in
1211 754 1358 814 auditorio

181 850 322 913 adfuerat.
346 853 381 914 Id
396 860 490 915 autem
505 855 549 915 his
565 854 601 915 de
617 855 711 914 causis
726 854 833 916 factum
848 863 927 931 puto,
944 857 1013 929 qnia
1028 855 1089 915 dies
1100 862 1170 935 erat¹
1179 857 1225 935 (nt
1239 858 1356 935 vocant)

181 959 377 1034 rogationum,
401 946 430 1019 et
444 960 583 1020 archidux
597 960 772 1023 medicorum
786 977 875 1035 opera
890 978 1004 1037 quoqne
1019 978 1102 1037 usus,
1126 963 1166 1023 ad
1184 964 1253 1038 hoc,
1273 963 1357 1037 ¹qnod

182 1066 322 1129 electores
336 1071 419 1126 extra
433 1066 533 1127 urbem
547 1066 626 1141 apud
640 1066 847 1128 Treverensem
860 1066 968 1127 Libero
983 1068 1063 1141 patri
1076 1065 1280 1127 sacrificarent.

269 1170 428 1231 Nemetum
447 1175 491 1230 est
505 1171 587 1231 nohis
603 1171 717 1245 eadem,
741 1171 820 1245 quod
839 1173 893 1232 snb
915 1172 998 1232 initio
1018 1173 1196 1233 comitiorum
1215 1172 1356 1249 Augustae

181 1277 359 1349 comites-am
369 1276 461 1335 Hertz
476 1274 639 1336 a'Osesarea
653 1278 805 1351 majestate
819 1278 1020 1352 impetrarunt,
1036 1283 1070 1339 nt
1084 1276 1199 1350 quidem
1213 1296 1268 1354 pro
1282 1278 1354 1337 libe·

181 1384 222 1443 ris
232 1384 346 1459 imperii
355 1381 505 1443 comitibus
520 1381 623 1442 haberi
636 1383 757 1456 possint,
773 1386 914 1444 ettamen
928 1382 1057 1444 dominos
1071 1359 1223 1443 feudorum
1237 1398 1355 1457 suornm

181 1493 292 1548 mutare
307 1504 365 1548 non
380 1492 561 1563 cogerentur.

271 1592 383 1653 Eadem
398 1608 452 1668 per
466 1593 634 1652 Hoiensium
650 1592 840 1653 secretarium
853 1592 999 1652 uxorculae
1014 1593 1125 1667 scripsi.
1169 1648 1174 1654 .
1214 1665 1217 1672 Ἰ

269 1698 397 1773 ligius,
420 1698 513 1774 Hese,
535 1698 710 1775 Marquard,
732 1714 785 1773 pro
801 1686 893 1759 reteri
907 1714 988 1759 more
1001 1698 1039 1759 de
1052 1699 1212 1774 rapacitate
1227 1698 1353 1758 Pereno·

165 1794 277 1865 'torum
291 1809 518 1877 conqueruntur.
783 1880 787 1883 .
1283 1805 1289 1812 '
1352 1796 1357 1800 ’

269 1908 360 1969 Fama
378 1902 493 1984 quidem
513 1908 582 1985 fuit,
602 1908 754 1971 Albertum
775 1911 907 1972 comitem
927 1910 964 1971 de
986 1907 1156 1983 Mansleldt,
1180 1921 1211 1967 se
1230 1908 1359 1983 gratiam

179 2015 360 2101 imperatoris
375 2031 548 2089 recuperare
564 2032 664 2092 posse,
687 2032 768 2089 spem
782 2018 909 2092 aliquam
923 2015 1088 2090 concepisse
1097 2000 1111 2088 ,’
1121 2014 1174 2075 sed
1187 2030 1267 2088 aegm
1279 2014 1353 2073 haec.

189 2102 195 2109 “
267 2119 378 2181 Eadem
393 2120 585 2197 wolfgangus
600 2116 748 2181 Musonius
764 2124 905 2200 scriptum
918 2121 957 2181 D.
973 2120 1096 2180 Martini
1109 2120 1224 2196 Buceri
1235 2119 1271 2179 de
1295 2118 1353 2177 dis-

179 2227 288 2301 putatis
302 2225 470 2288 Ratishonee
485 2228 516 2286 in
530 2212 679 2313 colloquio⁴
693 2230 723 2285 et
741 2232 843 2286 contra
861 2226 1079 2288 vintoniensem
1098 2225 1250 2299 epistolum
1260 2221 1353 2285 'nohis

178 2331 208 2389 in
223 2331 378 2407 hospitium
393 2327 561 2390 transmisit
1181 2322 1190 2329 ’

268 2436 327 2499 Sub
348 2451 460 2495 coenam
483 2435 598 2495 Samuel
627 2450 716 2511 nepos
738 2435 860 2496 adduxit
877 2435 1151 2509 Schwartubergum
1178 2433 1214 2493 de
1234 2432 1348 2493 Beben·

178 2542 251 2618 berg
266 2545 295 2599 et
303 2518 448 2599 Batonem
457 2538 548 2598 filium
556 2540 726 2601 Fridcricia
736 2538 987 2620 Schwaruenherg,
1003 2541 1062 2628 qui,
1078 2539 1155 2614 quod
1165 2540 1274 2599 Joanni
1284 2539 1352 2597 Fri-

178 2649 276 2709 derico
291 2647 410 2708 electori
423 2647 607 2721 militaverat,
623 2646 731 2707 ditione
747 2664 801 2708 sua
814 2649 957 2726 privatus,
974 2663 1059 2721 quam
1070 2633 1214 2706 'Albertus
1227 2645 1354 2728 marchio

178 2771 215 2816 ex
230 2754 306 2839 dono
321 2769 446 2820 caesareo
461 2758 548 2813 tenet.
573 2753 620 2812 Sic
633 2754 710 2814 servi
725 2753 834 2816 domini
851 2754 976 2828 exulant,
991 2753 1140 2831 helluones
1153 2735 1288 2827 papistici
1301 2749 1353 2830 do·

178 2859 273 2919 miniis
288 2860 410 2920 aliorum
424 2856 558 2919 fruuntur
573 2864 603 2920 et
615 2843 788 2918 helluantur.
818 2856 958 2919 Dominus
972 2862 1069 2918 tantm
1089 2873 1148 2917 non
1169 2856 1352 2928 derelinquet

181 2979 248 3024 suos
262 2965 293 3024 in
307 2962 402 3025 finem.
880 2954 882 2957 ’

269 3069 441 3145 Supervenit
456 3074 485 3128 et
498 3068 633 3129 Hoiensis
648 3070 830 3128 secretarius.
1157 3146 1161 3151 .
1229 3150 1231 3156 Ι

266 3171 346 3235 Nota
361 3177 526 3244 comitatum
539 3161 642 3234 Frisiae
657 3174 807 3234 orientalis
821 3151 884 3234 esse
898 3172 1015 3236 feudum
1030 3176 1166 3236 uomitum
1185 3171 1351 3232 Hellandiae

179 3280 218 3342 ad
232 3271 380 3354 imperium
395 3287 492 3340 temen
505 3280 643 3340 haetenus
659 3281 807 3354 pertinuit,
825 3280 876 3340 sed
891 3297 967 3340 nunc
982 3297 1017 3340 ea
1031 3297 1078 3341 res
1093 3297 1124 3361 se
1139 3279 1269 3339 mumvit.

267 3386 390 3446 Domine
404 3365 489 3468 lesu,
513 3387 562 3458 qui
576 3385 753 3459 paracletum
769 3386 915 3462 discipulis
935 3387 996 3463 tuis
1012 3369 1168 3461 promisisti
1189 3390 1220 3444 et
1239 3383 1353 3455 misisti,

168 3507 293 3566 =qu0que
306 3504 360 3565 pro
372 3492 455 3551 nobis
470 3491 649 3566 intercedere
665 3479 791 3566 digneris
805 3493 882 3566 apud
896 3497 1009 3573 patrem
1023 3498 1106 3552 tuum
1120 3491 1275 3562 ooelestem,
1293 3503 1351 3560 quo

179 3595 265 3655 nobis¹
277 3593 407 3666 ,cundem
430 3596 639 3656 consolatorem
660 3598 793 3670 spiritum
814 3596 957 3672 impartiri
976 3598 1058 3673 velit,
1082 3597 1131 3671 qui
1153 3595 1251 3655 omnia
1270 3591 1353 3663 nohis

178 3706 327 3774 suggerat,
353 3706 386 3759 nt
405 3706 434 3759 et
453 3697 605 3776 praeceptis
626 3703 684 3762 tuis
706 3702 794 3762 dediti
814 3689 937 3762 eundem
955 3707 1068 3777 patrem
1087 3719 1140 3777 per
1152 3689 1190 3760 te'
1197 3689 1234 3758 in'
1244 3682 1350 3772 spiritu

179 3809 277 3864 sancto
292 3819 418 3865 amemus
433 3785 541 3866 etcum
555 3812 679 3867 tremore
695 3822 878 3867 revereamur
892 3809 923 3867 in
938 3809 1113 3881 sempiterna
1128 3805 1234 3866 secula.

186 3925 188 3932 ‘
248 3910 252 3914 ’
267 3908 413 3972 Nunciata
435 3911 534 3972 eadem
558 3929 634 3974 mors
657 3895 780 3972 loannis
802 3913 941 3989 Hilchen,
972 3913 1077 3988 equitis
1099 3913 1196 3972 eurati
1216 3914 1247 3969 et
1272 3904 1354 3965 ducis

179 4017 321 4097 exercitus
337 4015 501 4078 Caesariani.
994 4010 996 4013 ’

212 4199 213 4204 ¹
266 4122 365 4184 Abbas
387 4125 419 4183 in
433 4124 635 4198 Weingarten‚
661 4123 709 4198 qui
735 4126 840 4198 etipse
863 4125 942 4183 inter-
961 4127 1054 4191 status
1076 4120 1188 4195 imperii
1203 4135 1285 4178 suam
1308 4116 1355 4194 (nt

177 4225 294 4303 socam)
317 4211 471 4290 sessionem
494 4235 523 4290 et
544 4246 643 4290 vocem
664 4221 762 4303 habet,
786 4231 870 4290 homo
888 4231 972 4303 juxta
986 4216 1081 4287 carnis
1096 4208 1280 4301 prudentiam
1295 4238 1356 4282 non

178 4350 221 4420 cn·
236 4335 313 4394 omni
337 4340 420 4410 perte
433 4317 579 4410 stolidus,
615 4335 682 4396 dum
703 4332 951 4408 sesquipedalibus
972 4331 1069 4391 verbis
1093 4321 1303 4391 confoederatio
1323 4333 1355 4387 et

177 4443 335 4515 mansuetis
350 4446 493 4503 terrarum
506 4441 756 4502 haereditariarum
772 4439 894 4499 Gesseris
909 4455 973 4498 cum
994 4438 1115 4511 imperio
1130 4442 1185 4496 etc.
1201 4438 1353 4509 praepone·

178 4550 269 4624 retur,
285 4547 336 4624 ait,
361 4546 521 4610 sihi-videri
535 4561 594 4608 non
607 4545 746 4621 absimile,
767 4547 793 4606 si
814 4544 879 4620 quis
898 4544 1038 4622 virginem
1051 4543 1184 4604 virumn
1198 4539 1285 4601 alicui
1299 4553 1355 4612 pro
