3017 5225
683 441 723 507 31

114 622 183 687 lacit
198 626 342 698 comites,
355 628 384 684 et
397 622 472 711 hano
487 622 655 698 dignitatem
671 622 757 681 alicui
774 622 924 697 impartire
945 629 990 686 ost
1009 638 1112 684 munus
1130 624 1284 699 imperato·

114 731 202 805 rium,
219 747 277 791 non
293 730 431 805 Saxonis,
455 730 541 789 Hessi
557 744 611 789 nec
624 727 750 789 Palatini
766 725 841 803 (haec
855 727 931 786 enim
945 726 1104 802 ejus-fuere
1118 715 1235 806 verba),
1256 734 1287 789 et

113 835 138 901 si
152 828 199 895 res
214 836 339 910 penitius
353 836 578 911 inspicerentur,
604 831 727 907 reperiri
743 833 839 905 potuit
853 834 903 905 qui
917 833 1011 893 Hesso
1026 833 1149 894 diceret:
1173 836 1219 894 'l'u
1232 850 1286 895 nos

114 940 143 999 in
157 940 231 1000 hanc
245 956 359 1001 naseam
373 941 536 1026 conjecisti,
560 955 613 1000 nee
633 939 686 998 tibi
698 937 828 1003 xulterius
848 939 881 1003 in
897 938 995 1012 aliquo
1014 944 1160 1014 tenemur,
1183 940 1236 999 sed
1256 946 1285 999 ct
1346 952 1360 980 0

114 1044 196 1113 nobis
213 1044 249 1105 de
263 1052 382 1119 accepto
396 1046 502 1106 damno
519 1043 687 1105 satisfacies.
711 1044 788 1103 Nam
803 1044 934 1104 dominus
949 1037 1030 1105 teudi
1044 1047 1070 1104 si
1084 1046 1191 1105 vasallo
1206 1046 1285 1107 dam·

114 1166 179 1209 num
194 1151 352 1225 injunxerit
366 1158 418 1212 cat
431 1157 547 1226 praeter
563 1166 685 1224 aequum
700 1164 767 1209 eum
781 1151 992 1227 molestaverit,
1016 1166 1108 1224 coque
1127 1149 1214 1213 leudo
1237 1166 1285 1210 ex·

113 1256 207 1315 cidere
223 1261 311 1330 atque
323 1258 451 1327 vasallus
466 1261 563 1332 potest
574 1264 631 1318 ‘eta
662 1256 726 1319 Hoc
741 1257 945 1334 culmisque,
961 1258 1041 1333 apud
1055 1273 1108 1317 nos
1123 1259 1165 1317 sio
1179 1260 1284 1319 consti·

112 1366 205 1421 tntum
219 1367 264 1421 est
279 1368 334 1422 eto.
365 1362 467 1421 Fuisse
483 1378 597 1437 quoque
620 1378 651 1437 se
674 1364 758 1421 annis
778 1362 942 1437 quindecim
961 1364 1094 1424 clientem
1114 1364 1248 1423 comitum
1268 1380 1287 1425 a

113 1464 249 1543 Ooustein
264 1473 293 1526 et
308 1466 467 1527 Wertheim
482 1484 541 1527 non
556 1468 679 1543 negavit.
705 1468 779 1527 Tum
791 1484 858 1543 ego:
873 1468 914 1528 Et
927 1484 981 1529 nos
995 1485 1030 1529 ox
1044 1470 1099 1528 hac
1113 1470 1284 1544 cognatione

112 1587 216 1645 snmus,
233 1588 298 1631 nam
308 1572 457 1633 Michaelis
473 1573 509 1633 dc
521 1573 681 1634 Wartheim
696 1587 779 1632 soror
793 1574 859 1633 avia
872 1574 942 1633 mihi
955 1572 1019 1633 init.
1042 1573 1089 1635 Ad
1102 1574 1165 1633 haeo
1179 1575 1218 1634 is:
1239 1574 1284 1633 Eo

111 1676 245 1739 libentius
260 1682 327 1737 tuoe
343 1680 512 1753 clementiae
525 1679 677 1762 inserviam
692 1680 722 1737 in
737 1678 869 1755 omnibus
882 1695 957 1752 quae
967 1694 1092 1752 possum.
1116 1680 1281 1753 Interroga·

110 1783 198 1853 vimus
214 1783 304 1857 igitur
320 1782 455 1856 quidnam
469 1784 556 1843 hodie
577 1782 642 1845 fi'eri
663 1801 680 1843 a
699 1785 783 1843 nobis
802 1789 937 1858 oportere
957 1790 1082 1859 putaret.
1111 1784 1281 1859 Respondit,

110 1887 162 1947 hac
175 1887 226 1947 die
241 1874 422 1949 archiducem
441 1888 478 1948 ob
498 1894 641 1961 sumptum
661 1889 848 1963 pharmacum
870 1890 901 1949 in
925 1890 1072 1971 oonsihum
1092 1908 1151 1951 non
1173 1891 1280 1965 venire.

111 1992 299 2053 Tractaturos
314 2000 409 2053 autem
424 1994 459 2054 de
474 1995 561 2055 retus
577 1994 934 2073 gravissimisincousilio
951 2000 982 2053 et
1002 2010 1033 2053 se
1055 2012 1113 2056 aua
1132 2009 1196 2055 oum
1216 1996 1281 2081 aliis

111 2112 144 2178 eo
157 2114 220 2158 rem
236 2105 447 2175 promoturum,
470 2105 503 2159 ut
517 2116 603 2166 causa
619 2098 892 2177 commemoratur,
916 2104 977 2158 turn
991 2115 1045 2159 uos
1060 2106 1196 2174 oportere
1220 2116 1281 2159 suae

110 2204 272 2278 majestatis
281 2198 483 2264 resolutionem
493 2209 646 2279 expectere
657 2209 687 2263 ot
701 2220 752 2263 nos
768 2199 889 2264 subinde
904 2202 1102 2263 exhiberemus
1117 2206 1282 2278 conspectui

111 2308 273 2369 archiducis
289 2315 318 2371 et
333 2313 459 2385 episcopi
472 2310 686 2383 Atrebatensis,
712 2310 822 2369 edumei
837 2307 908 2368 nihil
923 2308 1098 2390 diceremus
1122 2309 1226 2382 Sicque
1240 2309 1283 2369 illi

113 2416 220 2495 gratias
236 2421 358 2489 agentes
374 2432 439 2475 eum
453 2413 596 2489 liquimus.
612 2417 615 2421 '
1124 2424 1128 2431 “

165 2582 168 2587 ,
197 2521 232 2589 In
250 2512 350 2581 eodem
366 2522 469 2583 itinere
485 2521 515 2580 in
529 2520 654 2594 hospitio
669 2519 842 2580 marchionis
857 2518 989 2577 electoris
1009 2502 1158 2579 strenuum
1181 2520 1280 2581 Staou·

112 2624 167 2684 lum
189 2643 206 2686 c
230 2627 488 2696 Slehenlduhulus
511 2624 657 2700 convenit,
682 2627 723 2711 illi
747 2641 891 2699 exponens
914 2625 1059 2698 quodnam
1081 2630 1282 2701 argumentum

112 2736 185 2791 esset
193 2732 346 2792 literarum
361 2732 478 2792 electori
493 2748 545 2792 suo
560 2732 651 2791 nostri
666 2733 780 2792 nomine
795 2730 966 2804 oblaturum,
982 2738 1119 2805 rogantes
1131 2728 1175 2805 ut,
1192 2732 1218 2790 si
1232 2748 1281 2790 res

112 2850 144 2894 eo
159 2821 343 2911 devenirent,
367 2837 505 2896 electoris
519 2837 670 2896 clementia
684 2838 779 2896 omnia
793 2838 823 2895 in
838 2836 983 2896 meliorem
998 2840 1109 2910 partem
1128 2814 1206 2909 apud
1225 2833 1280 2895 oa·

112 2955 221 3002 saroam
236 2943 417 3016 maiestatem
437 2942 623 3018 interpretari
644 2941 715 3008 velit
734 2948 764 3000 et
783 2958 836 3016 pro
856 2941 938 3001 nobis
957 2941 1145 3004 intercedere.
1177 2942 1206 3001 Is
1228 2958 1281 3002 nos

111 3027 273 3106 humaniter
297 3053 326 3106 et
346 3049 458 3123 excepit
474 3054 513 3122 ¹et
527 3047 637 3106 audivit
656 3051 686 3105 et
706 3047 866 3121 principem
887 3062 921 3106 ac
939 3047 1033 3119 ipsum
1051 3047 1121 3116 mihi
1138 3048 1170 3106 in
1187 3048 1233 3106 his
1252 3053 1282 3106 et

112 3152 267 3224 majoribus
281 3169 391 3213 morem
406 3169 507 3227 gerere
521 3158 639 3228 paratos
654 3155 777 3211 testatus
793 3156 844 3210 est.
881 3146 989 3225 Recepi
1004 3151 1103 3225 etiam
1126 3153 1153 3210 si
1173 3152 1282 3212 elector

112 3257 202 3316 sorori
217 3273 278 3316 sua
293 3258 324 3318 iu
339 3258 457 3332 propria
472 3257 562 3332 causa,
573 3243 733 3317 rescribere
748 3257 849 3330 vellet,
865 3272 910 3315 me
925 3256 1037 3317 litteras
1050 3256 1091 3315 ad
1104 3273 1170 3316 eum
1185 3264 1278 3318 trans·

112 3361 273 3424 missurum.
293 3360 414 3424 'Elector
428 3367 525 3423 autem
541 3363 634 3424 adhuc
648 3377 747 3420 somno
762 3358 937 3433 indulgebat.
956 3382 960 3388 ⁸
1270 3367 1279 3372 “

176 3541 186 3548 ,.
197 3467 321 3528 Eadem*
333 3470 506 3528 secretarius
526 3468 661 3528 Hoisnsis
683 3465 766 3526 nohis
784 3464 912 3526 ostendit
931 3459 1129 3541 argumentum
1150 3467 1280 3541 epistolar

111 3574 225 3634 casaris
241 3574 279 3634 ad
293 3575 552 3635 Mouasteriansem
567 3590 654 3648 super
669 3571 865 3632 commissione
876 3571 907 3629 in
920 3571 1191 3652 oausaHoiensium.
1207 3571 1281 3630 Item

112 3679 258 3751 exemplar
266 3680 472 3745 commissionis
481 3657 534 3738 nec
543 3695 601 3740 uon
610 3676 849 3740 consultationem
860 3675 972 3738 Claudii
983 3676 1191 3750 Cauoiunonlae,
1204 3692 1280 3750 quae

111 3779 170 3842 lere
184 3783 249 3856 plus
264 3785 358 3870 minus
374 3784 566 3858 qnadraginta
581 3781 698 3844 florenis
713 3787 834 3842 consue.
1103 3836 1113 3845 ..

197 3886 309 3947 Eadem
325 3888 470 3948 dominum
485 3887 646 3954 Musonlum
660 3895 694 3950 ut
708 3889 854 3948 nobiscum
874 3885 1029 3961 pranderet
1047 3886 1145 3961 rogari
1165 3887 1277 3948 curavi·
1328 3955 1333 3964 ,

111 4005 185 4066 mus,
203 3993 333 4072 qui'mox
347 3983 386 4054 ad
400 3993 539 4054 decimam
554 3995 663 4056 aderat.
694 3994 784 4066 Erum,
798 4008 863 4066 -qua
876 3992 1020 4066 potuimus
1035 3991 1212 4064 humanitate
1228 4007 1277 4052 er·

112 4089 247 4167 cipien'tes
270 4097 306 4158 de
328 4098 468 4180 variiset
489 4113 553 4158 cum
573 4115 607 4160 eo
630 4097 810 4158 familiariter
830 4097 962 4158 collocuti
982 4112 1095 4170 sumus,
1116 4092 1153 4155 cx
1173 4110 1230 4169 quo
1249 4101 1280 4155 et

111 4201 293 4274 cognovimus
307 4203 344 4262 D.
360 4182 502 4264 Bucerum
517 4202 564 4264 die
579 4204 700 4264 Veneris
714 4197 848 4277 proximo
862 4201 1143 4288 elapsoxoomitatum
1166 4199 1278 4260 duobus

111 4304 280 4366 satellitibus
295 4307 404 4380 aulicis,
420 4323 477 4366 nno
492 4308 665 4369 marchionis
680 4307 813 4367 electoris
828 4311 859 4366 et
871 4306 964 4366 altero
980 4305 1123 4365 Friderici
1142 4305 1277 4377 Palatini,

112 4409 140 4463 et
153 4408 232 4468 urbis
247 4409 422 4485 Augustanos
438 4413 535 4484 equite
549 4429 606 4472 uno
624 4411 693 4471 hino
711 4412 825 4472 abisse.
864 4407 936 4469 Cum
955 4410 995 4470 ad
1014 4410 1090 4470 diem
1108 4411 1294 4483 parasoenas'

110 4507 165 4572 huc
179 4512 329 4577 advenerit
342 4497 430 4579 antea
445 4525 559 4594 quoque
573 4517 608 4592 in
619 4515 743 4593 qucum
757 4532 833 4592 pago
847 4529 900 4592 per
914 4529 1017 4576 novem
1032 4511 1208 4591 septimanas
1228 4510 1277 4572 de-
