3017 5225
562 537 566 541 ,
681 445 743 514 raa

124 647 182 704 que
196 627 298 690 fritillo
313 636 424 704 tempus
439 645 505 686 cum
519 627 666 702 Velbergk
686 635 716 691 et
734 628 882 703 Stephano
902 627 1013 704 fefellit,
1037 629 1108 690 nihil
1128 636 1224 690 tamen
1244 625 1295 706 po·

125 741 228 808 tatum,
252 735 304 793 sed
317 735 518 811 honestissime
531 733 625 791 lusum
640 731 693 792 θεῖ.
882 808 884 814 Ι

213 841 342 898 Instante
364 839 437 896 hora
454 853 551 897 aoenae
573 854 674 896 rursus
697 839 920 903 lantesuiximus
943 854 996 895 nec
1019 840 1169 912 quisquam
1191 857 1297 900 mensae

122 941 332 1017 archiepiscopi
346 946 454 1016 praeter
468 957 526 1015 eos,
551 944 600 1015 qui
614 943 645 1001 in
659 943 796 1005 comitatu
810 943 958 1002 Wilhelmi·
970 941 1094 1019 fuerant,
1116 946 1296 1007 assederunt.
1396 925 1399 932 ¹

122 1048 260 1108 Paratum
275 1045 389 1118 quidem
405 1053 449 1104 est
462 1047 580 1120 largius,
604 1047 756 1104 ita-tamen
772 1054 804 1106 ut
819 1046 918 1104 modus
933 1047 1126 1108 adhiberetur.

162 1167 166 1172 ’
213 1151 240 1209 A
255 1167 338 1224 coena
352 1150 583 1224 archiepiscopus
599 1150 782 1209 Wilhelmum
803 1150 933 1210 comitem
952 1152 989 1210 ad
1009 1168 1123 1210 currum
1142 1169 1233 1232 usque
1248 1153 1298 1211 de·

123 1241 216 1325 duxit.
246 1240 318 1312 vInde
334 1259 363 1312 et
378 1270 430 1312 nos
450 1237 665 1328 archiepiscopo
684 1254 876 1312 valedicentes
896 1256 1066 1328 rogabamus
1084 1263 1125 1330 ut,
1150 1257 1227 1329 quod
1249 1273 1296 1315 co·

120 1357 194 1418 mes'
207 1359 376 1418 Wilhelmus
398 1359 490 1418 noshi
511 1359 627 1416 nomino
646 1358 683 1416 ab
705 1373 739 1415 eo
761 1359 893 1431 petierat,
918 1357 1063 1432 praestare,
1076 1361 1171 1419 veliet.
1212 1363 1298 1436 Spem

121 1463 228 1523 bonam
243 1451 331 1542 dedit.
363 1462 531 1521 Conscensis
545 1464 634 1535 igitur
648 1463 730 1534 equis
744 1463 902 1535 Augustam
918 1465 1080 1535 repetimus.
1111 1465 1187 1522 Dum
1201 1471 1298 1524 autem

121 1567 163 1628 ad
182 1568 370 1627 Wernitziam
389 1582 500 1625 amnem
522 1567 665 1639 venimuS,
687 1567 811 1652 rusticus
834 1565 949 1638 quidam
971 1566 1053 1625 nobis
1075 1567 1186 1627 obviarn
1205 1569 1296 1641 uenit,

121 1687 305 1746 praemonens
319 1671 393 1731 vada
407 1669 530 1729 fluminis
546 1669 739 1729 exundatione
754 1686 894 1743 aquarum
910 1669 1026 1744 dirupta
1044 1687 1114 1730 esse.
1146 1673 1221 1730 Nam
1236 1689 1299 1731 cum
1325 1745 1328 1753 ,

120 1792 160 1836 eo
172 1773 229 1842 ¹die
250 1776 351 1834 coelum
375 1775 478 1833 sudum
500 1780 576 1834 esset
595 1779 626 1832 θῖ
646 1775 714 1833 solis
735 1775 871 1846 splendor
890 1776 994 1848 acrior,
1017 1777 1121 1849 alpina
1145 1779 1223 1834 nives
1238 1766 1298 1837 sole

120 1878 261 1939 coniectae
275 1879 306 1937 in
322 1880 431 1952 Lycum
445 1877 607 1938 diffluentes
622 1879 653 1936 in
667 1885 779 1938 ceteros
793 1877 893 1938 fluvios
909 1895 940 1936 se
955 1857 1157 1964 exonerarunt,
1178 1888 1207 1940 ct
1221 1883 1298 1940 intra

118 2001 245 2058 parvum
257 1984 313 2042 hoc
326 1984 464 2057 temporis
483 1984 616 2056 spatium,
639 2001 697 2055 quo
716 1984 747 2043 in
761 1983 1064 2057 Velbergagebamns‚
1086 1983 1191 2042 flumen
1210 2001 1298 2043 exun-

116 2066 188 2148 dari
202 2085 340 2146 lacerant.
371 2089 463 2160 igitur
485 2103 578 2145 comes
598 2086 767 2145 wilhelmus
787 2103 803 2143 θ
818 2102 907 2144 amru
919 2091 948 2144 et
967 2103 1019 2168 uos
1035 2088 1139 2159 reliqui
1153 2089 1235 2159 equis
1250 2088 1297 2146 de·

120 2192 294 2252 scandentes
308 2174 444 2251 familiam
463 2192 522 2249 alia
541 2189 665 2248 fluminis
685 2188 759 2248 vada
779 2206 909 2262 quaerere
926 2191 1072 2264 jussimus,
1096 2191 1151 2263 ipsi
1170 2191 1299 2263 pedestri

120 2272 405 2368 itinere'Anpnstam
420 2312 511 2367 usque
525 2295 633 2362 ocreati
648 2294 853 2352 contendimus.
959 2307 965 2313 ·

213 2400 277 2459 Rex
292 2399 494 2478 Ferdiuamdus
507 2396 539 2458 et
552 2399 626 2458 filins
646 2399 708 2471 ejus
727 2391 941 2475 Maximilianus
961 2399 1099 2458 archidux
1117 2397 1242 2457 Austriae
1261 2398 1299 2458 ob

120 2504 322 2563 salubritatem
338 2505 414 2561 aeris
429 2504 459 2561 in
474 2521 525 2562 ms
540 2506 647 2578 ierant,
671 2517 743 2576 quos
759 2510 789 2563 et
803 2483 1004 2575 obequitantes
1020 2503 1151 2562 vidimus.

213 2607 297 2666 Arois
312 2609 465 2683 Velburgae
480 2598 551 2668 situs
566 2609 774 2668 amoenisshnus
791 2615 844 2681 est,
868 2609 916 2682 qui
937 2609 1218 2695 scilicethngustam
1233 2624 1297 2666 rer·

121 2730 173 2779 sna
188 2712 226 2773 ob
246 2728 411 2787 camporum
430 2714 578 2786 planitiem
596 2711 833 2787 jocundissimum
856 2720 1037 2785 prospectum
1056 2713 1160 2785 habet,
1184 2728 1220 2769 ex
1240 2712 1298 2770 alio
1326 2697 1330 2703 ⁴

121 2817 225 2891 latere,
249 2832 313 2874 cum
328 2819 366 2875 sit
379 2833 467 2891 super
481 2816 581 2876 collem
601 2816 752 2891 edificata,
775 2818 961 2879 monticulosa
982 2815 1027 2875 est
1044 2816 1135 2875 hortis
1157 2821 1187 2873 et
1200 2815 1299 2873 viretis

12 2919 13 2924 ’
122 2923 221 2980 nitens
235 2938 295 2979 non
309 2922 410 2994 procul
424 2939 443 2980 a
458 2922 545 2998 sylvis
560 2922 652 2996 regis,
676 2938 741 2995 qnae
757 2920 881 2980 serarum
896 2921 1079 2979 feracissima
1094 2925 1169 2979 sunt.

216 3027 272 3084 Eat
286 3032 316 3107 et
337 3025 375 3083 ad
384 3026 498 3094 'declive
513 3027 617 3083 montis
632 3026 662 3083 in
681 3027 801 3098 planitie
822 3006 957 3098 templum
973 3023 1299 3111 divaedignndoe-sa·

125 3148 219 3204 mum,
244 3146 308 3201 qna
329 3130 422 3188 isthac
442 3146 460 3188 a
479 3130 593 3204 rusticis
613 3130 725 3203 colitur,
749 3131 827 3203 apud
849 3130 927 3202 quod
947 3131 1014 3189 olim
1029 3127 1228 3187 Ferdinandns
1247 3144 1300 3186 rex

122 3252 144 3295 a
166 3235 272 3297 Garolo
294 3216 385 3293 hatte
406 3232 531 3291 Anshiae
555 3211 689 3291 ducatum
708 3235 820 3306 accepit
841 3238 870 3291 et
890 3234 927 3292 ab
948 3232 1049 3318 eodem
1068 3233 1099 3288 in
1119 3230 1300 3288 archiducem
1350 3302 1353 3307 μ

124 3341 317 3413 inauguratus
339 3333 398 3409 θεῖ’,
423 3345 511 3410 quare
533 3343 563 3396 et
581 3337 677 3409 magni
699 3336 837 3410 triumphi
857 3336 962 3395 ibidem
982 3340 1050 3405 ante
1073 3350 1164 3393 annos
1186 3338 1250 3391 octo
1271 3338 1301 3393 et

126 3443 227 3502 decem
241 3442 333 3501 babiti
348 3446 423 3500 sunt.
976 3450 978 3455 ·

214 3525 374 3619 Augustam
389 3545 535 3612 venientes
549 3544 580 3602 in
594 3543 679 3603 domo
694 3520 805 3603 coniitia
817 3538 966 3602 Wilhehni
980 3542 1121 3603 Ernestus
1137 3524 1298 3602 aschetin-

123 3650 207 3725 berg,
231 3651 380 3723 Philippus
402 3656 432 3709 et
454 3649 570 3722 Samuel
589 3664 608 3707 a
626 3648 747 3708 Waldec
766 3666 824 3707 una
845 3651 937 3707 erant.
968 3648 1039 3706 Post
1057 3645 1175 3718 repotia
1187 3645 1300 3729 ¹veniam

126 3742 260 3829 petentes
276 3735 473 3815 Waldecciani
488 3752 613 3826 hospitia
626 3768 680 3810 sna
692 3756 804 3831 petunt.

216 3857 294 3917 Nota
312 3858 350 3916 de
372 3858 556 3916 contentione
577 3856 654 3915 inter
674 3857 787 3927 Harum
799 3862 838 3915 xet
851 3857 965 3916 Justum
984 3870 1029 3912 me
1050 3844 1170 3920 absente
1190 3835 1299 3911 habita.

126 3960 252 4020 Domina
265 3962 397 4034 princeps
413 3961 451 4039 ad
465 3959 676 4032 landtgravium
691 3962 826 4019 maritum
839 3960 926 4018 missa
942 3958 1054 4016 dicitnr.
1181 3958 1185 3967 ’
1254 3936 1260 3967 ⁵

188 4098 197 4126 ι,
216 4066 320 4125 Werla
338 4064 525 4137 westphalia
548 4065 656 4143 atalia
678 4066 791 4138 auquot
812 4064 876 4122 loca
898 4048 1043 4120 dioceseos
1066 4060 1244 4118 Coloniensis
1266 4074 1302 4118 ex

125 4168 354 4244 conflagratione
369 4169 503 4242 domnum
517 4170 642 4227 maxima
655 4168 834 4228 incommoda
848 4182 986 4240 perpessa
1000 4156 1076 4223 sunt.
1161 4144 1163 4152 ¹

216 4274 456 4345 Archiepis'copus
477 4272 657 4331 Coloniensis
678 4274 873 4346 septingentos
892 4270 1016 4349 florenos
1035 4271 1112 4328 intra
1132 4268 1303 4353 septimanas

126 4378 229 4453 uiginti
244 4389 298 4452 pro
313 4362 502 4439 aromatibus
510 4382 540 4449 et
559 4376 750 4460 condimentis
765 4362 926 4449 expendit
954 4375 1086 4449 Alienum
1106 4367 1181 4431 enim
1201 4372 1238 4431 ab
1257 4370 1302 4428 bis

127 4484 210 4551 Jovia
224 4482 292 4542 filiis
306 4490 365 4558 est,
389 4481 492 4543 mntem
507 4483 645 4556 optimum
660 4498 722 4540 θεεθ
738 4480 968 4540 aramentum„
