3017 5225
734 475 799 540 lue

176 647 378 739 Acgyptnssit'
393 663 478 721 homo
495 665 524 720 et
538 660 596 720 non
609 661 704 733 Deus,
724 658 775 717 sed
795 661 827 717 tu
848 673 900 716 uos
919 655 973 714 sub
987 655 1116 715 homines
1135 639 1273 727 dejecisti.
1297 651 1358 712 ·Da

176 769 344 844 patientiam
365 783 399 826 ac
419 765 505 826 fidem
524 784 559 826 ac
578 777 693 824 causam
713 764 788 822 hanc
807 762 899 836 dirige
921 759 1074 823 secundum
1096 739 1253 818 bonitatem
1272 762 1357 814 tuam

178 890 321 948 magnam.
352 871 471 930 Jussisti
486 871 561 929 euim
576 887 663 944 super
682 867 882 942 recogitatum
899 871 1029 926 nostrum
1046 855 1167 938 jactare,
1190 877 1280 935 quare
1296 873 1358 920 uon

178 978 278 1038 diffido
294 978 408 1050 quinat
423 974 520 1034 facies.

266 1083 394 1142 loannes
409 1078 499 1139 frater
513 1086 611 1139 noster
626 1058 721 1136 comes
742 1076 820 1150 apud
840 1077 981 1134 loannem
1001 1073 1180 1134 Fn'dcricum
1201 1071 1358 1130 electorem

178 1193 308 1251 coenatus
323 1191 376 1259 est,
400 1187 450 1257 qui
465 1186 495 1242 in
510 1185 569 1243 suis
589 1177 721 1256 periculis
742 1181 787 1257 (nt
802 1186 846 1239 est
860 1179 1004 1254 piissimus·
1022 1175 1167 1254 princeps)
1184 1177 1270 1235 etiam
1283 1161 1359 1234 alio-

179 1310 243 1351 rum
258 1298 364 1355 sortem
381 1291 521 1363 deplorat.
1072 1273 1077 1280 Χ

191 1399 193 1402 ’
268 1397 391 1455 Domine
405 1397 499 1479 Deus,
525 1395 572 1453 cui
593 1395 670 1452 iuter
691 1392 858 1450 innumeras
874 1390 975 1450 laudes
991 1395 1020 1448 et
1034 1390 1087 1450 hoc
1103 1389 1223 1450 encomii
1238 1387 1360 1462 proprie

180 1503 342 1575 ascribitur,
360 1501 437 1573 quod
453 1501 540 1574 erigis
555 1499 641 1558 elisos
656 1501 686 1555 et
700 1496 787 1554 solvis
803 1495 989 1568 compeditos,
1005 1494 1166 1568 aliquando·
1175 1499 1204 1554 et
1218 1494 1293 1551 hunc
1308 1497 1357 1550 tu·

180 1623 230 1664 nm
243 1604 380 1665 famulum
395 1607 418 1663 1.
434 1605 469 1662 F.
486 1605 590 1674 libera,
608 1607 648 1660 ut
661 1597 834 1660 confiteatur
857 1617 961 1664 nomeu
975 1607 1055 1660 tuum
1071 1607 1100 1660 et
1114 1590 1359 1676 magnificentiam

180 1717 260 1770 tuam
275 1710 409 1769 celebret.
449 1708 484 1767 ld
497 1710 575 1766 enim
588 1724 641 1780 per
657 1711 748 1765 totam
766 1705 949 1772 Germaniam
964 1705 1086 1779 supplex
1100 1710 1152 1790 tua
1167 1703 1288 1762 ecclesia
1303 1720 1359 1778 per

182 1833 257 1890 eum,
275 1817 321 1875 cui
335 1815 407 1890 nihil
421 1820 578 1889 negaturus
594 1829 635 1887 es,
650 1814 750 1873 Jesum
761 1810 904 1888 Christum
913 1810 1056 1869 dilectum
1071 1808 1160 1869 filium
1174 1813 1265 1883 tuum,
1282 1813 1358 1868 orat.

270 1919 360 1980 Funll
375 1920 564 1994 Augspurger
589 1917 716 1978 Geutuer
737 1917 797 1976 und
821 1917 942 1990 dreissig
967 1910 1082 1976 illati
1104 1916 1157 1975 der
1177 1914 1261 1990 Grcff
1279 1930 1360 1975 vonu

181 2027 324 2102 Dengeuu
340 2027 497 2100 gewigeun.
836 2051 840 2058 ·

270 2133 302 2205 iij
316 2132 398 2191 Juuii
419 2133 450 2189 in
469 2130 577 2202 templo
593 2127 730 2188 Mauritii
745 2127 774 2186 d.
790 2125 938 2184 Musonius
954 2141 989 2185 ex
1003 2141 1066 2200 cap.
1086 2127 1126 2183 15
1141 2125 1262 2188 Joannis
1281 2125 1361 2184 hune

183 2242 294 2298 textum
303 2235 473 2312 prosecutus
482 2241 542 2294 est:
562 2235 644 2292 »Hoc
659 2238 704 2292 est
718 2237 894 2307 preceptum
909 2249 1012 2304 meum,
1029 2237 1062 2298 ut
1078 2231 1204 2305 diligatis
1219 2247 1269 2291 vos
1284 2232 1358 2291 iuui-

184 2360 254 2414 cem,
270 2341 344 2402 sicut
363 2340 452 2398 dilexi
465 2355 526 2396 sos.
564 2337 707 2410 Maiorem
728 2338 783 2397 hac
804 2338 984 2396 dilectionem
1007 2353 1090 2396 nemo
1110 2337 1214 2410 habet,
1242 2342 1275 2408 ut
1294 2337 1360 2409 quis

183 2449 307 2506 ammam
322 2461 402 2511 suam
417 2448 506 2515 ponat
521 2458 574 2515 pro
587 2442 688 2500 amids
703 2442 783 2500 suis«
802 2447 855 2501 etc.
878 2443 934 2501 Hic
948 2443 1043 2500 multis
1060 2443 1096 2501 de
1111 2441 1250 2502 charitate
1265 2435 1365 2501 d‘dcuit

186 2558 216 2610 et
230 2549 372 2624 quomodo
388 2547 518 2606 Christus
544 2562 601 2606 uon
616 2547 707 2607 solum
723 2546 881 2620 docuerit,
896 2547 947 2606 sed
963 2553 992 2606 et
1006 2563 1038 2605 re
1054 2535 1120 2622 ipsa
1132 2547 1308 2623 praestiterit,
1335 2550 1365 2604 et

185 2658 252 2716 hinc
267 2655 428 2729 exemplum
442 2670 495 2712 nos
511 2668 623 2711 sumere
640 2652 754 2715 debere.
786 2654 852 2713 Non
868 2656 943 2715 enim
958 2652 1114 2713 doctrinam
1131 2650 1198 2713 fidei
1213 2655 1287 2713 scire
1303 2652 1363 2712 sul·

184 2762 287 2835 ficere,
311 2762 336 2819 si
350 2776 408 2819 uon
431 2765 460 2819 et
474 2760 595 2818 alteram
609 2764 737 2833 partem,
759 2759 814 2821 hoo
828 2764 885 2831 est,
904 2776 968 2832 quas
984 2758 1116 2818 dominus
1138 2760 1316 2841 praeceperit,
1334 2764 1364 2818 et

187 2868 334 2943 suscipere
357 2870 386 2923 et
405 2864 564 2923 doctrinam
579 2864 671 2921 crucis
686 2864 784 2922 subire
798 2864 932 2937 velimus,
957 2864 1030 2923 sicut
1050 2865 1154 2939 etipse
1170 2864 1302 2924 dominus
1318 2862 1363 2923 di·

187 2970 353 3030 neritz»1te
368 2968 559 3042 praedicantes
567 2964 747 3040 evangelium
757 2968 891 3029 docentes
901 2984 950 3027 eos
960 2984 1076 3027 servare
1086 2969 1190 3039 omnia,
1208 2985 1271 3042 quae
1286 2985 1362 3043 prse—
1475 3032 1478 3037 ,

188 3074 377 3150 capientis«
417 3074 488 3132 Item
504 3090 591 3146 quam
600 3073 762 3132 enormiter
775 3074 819 3148 hi,
837 3076 886 3147 qui
901 3091 987 3134 unam
1002 3080 1114 3135 tautum
1129 3076 1242 3150 partem
1256 3074 1361 3149 arripi-

191 3185 252 3254 unt,
276 3182 403 3252 peccent.
441 3180 514 3237 ltem
537 3177 614 3253 quod
628 3176 759 3236 Christus
781 3194 839 3238 uon
861 3185 921 3267 taur
942 3182 1116 3255 praeceperit
1131 3196 1217 3254 quam
1232 3180 1362 3254 exemplo

189 3287 324 3347 allexerit
337 3289 368 3344 et
382 3301 469 3357 quarn
486 3281 681 3372 frustraneum
703 3283 741 3341 sit
754 3282 884 3343 homines
906 3285 944 3344 ad
960 3284 1141 3345 dilectionem
1156 3286 1200 3344 sui
1216 3301 1319 3359 eogere
1335 3290 1364 3344 et

189 3391 268 3464 quod
281 3392 363 3464 prius
378 3390 485 3449 dictum
501 3373 596 3462 potins
611 3388 810 3461 magistratum
824 3390 1094 3465 deceatsnimirum
1106 3391 1226 3450 animos
1246 3393 1363 3450 suorum

189 3497 306 3583 allicere
320 3502 351 3555 et
364 3510 467 3567 cogere
482 3495 513 3551 et
527 3494 657 3566 exemplo
674 3492 781 3551 Christi
795 3497 890 3556 aliena
909 3512 968 3555 nou
982 3512 1033 3577 sua
1050 3482 1190 3571 quaerere.
1230 3484 1363 3557 Ostendit

190 3603 334 3677 praeterea
352 3616 414 3657 rem
435 3599 565 3664 odiosam
587 3614 650 3656 esse
665 3615 718 3657 sua
733 3602 822 3660 solius
837 3603 985 3666 commoda
1001 3616 1140 3674 quaerere.
1179 3600 1250 3659 Haec
1265 3604 1363 3660 autem

190 3707 352 3766 doctissime
366 3706 396 3762 in
413 3706 484 3763 duas
498 3704 603 3762 classes
614 3704 742 3777 digessit,
757 3706 824 3765 licet
835 3724 888 3766 nos
904 3723 939 3766 ea
953 3692 1138 3766 tumultuarie
1150 3706 1361 3781 scripserimus.

190 3812 231 3871 At
244 3814 287 3871 ait
301 3820 415 3883 quoquc
429 3808 713 3868 animaduertendum
723 3806 802 3885 esse,
819 3829 875 3885 quo
891 3818 1019 3886 tempore
1025 3812 1155 3874 Christus
1170 3812 1232 3871 haec
1248 3812 1362 3886 dixerit,

191 3916 299 3975 scilicet
313 3913 367 3981 sub
382 3912 411 3972 id
426 3914 562 3989 temporis
585 3931 650 3973 cum
672 3930 795 3993 carnem
809 3934 889 3977 suam
911 3918 964 3977 sub
986 3936 1060 3991 pane
1082 3923 1111 3977 et
1125 3908 1294 3993 sanguinem
1310 3896 1362 3975 sul)

189 4024 258 4081 riuo
271 4021 302 4078 in
317 4021 469 4079 novissima
492 4038 575 4080 coena
594 4022 670 4080 inter
693 4021 848 4097 discipulos
867 4021 1062 4097 distribuerit,
1075 4024 1187 4101 :iubens
1207 4023 1236 4082 id
1252 4023 1363 4102 quoties

190 4126 321 4197 lacerent
334 4105 365 4185 iu
380 4128 547 4186 memoriam
562 4116 693 4201 misisti,
718 4145 756 4198 ac
772 4127 909 4202 postridie
930 4128 960 4187 id
975 4128 1052 4201 quod
1068 4126 1181 4187 dixerat
1198 4128 1364 4205 expleturus

192 4238 264 4291 erat,
302 4232 398 4304 Atque
416 4233 462 4290 hic
485 4248 626 4305 quemque
650 4249 745 4291 secum
761 4232 922 4305 expendere
934 4234 1022 4306 jussit
1036 4234 1120 4307 hujus
1135 4234 1264 4293 immensi
1278 4233 1364 4293 bene-

192 4335 250 4424 ficii
263 4336 424 4409 energiam,
449 4336 586 4410 quidnam
601 4337 639 4395 sit
653 4338 756 4411 vitam,-
779 4356 841 4396 rem
863 4344 964 4411 utpote
979 4338 1188 4413 dulcissimam,
1205 4354 1258 4413 pro
1274 4340 1364 4399 amico

191 4441 351 4514 reliquisse.
376 4442 448 4501 Item
464 4441 534 4514 quid
549 4442 689 4510 auimain
703 4444 853 4517 scripturis
868 4442 990 4515 dicatur,
1006 4443 1151 4503 indicavit.
1174 4442 1364 4526 Eosquoque

194 4546 377 4622 coarguebat,
394 4547 443 4621 qui
458 4547 651 4622 somniarunt,
674 4548 729 4607 hoc
750 4548 814 4608 loco
831 4548 975 4609 Christum
990 4548 1057 4607 solis
1070 4546 1211 4624 'apostolis
1226 4548 1263 4609 de
1278 4547 1364 4608 dilcc-
