<?xml version="1.0" encoding="UTF-8"?>
<!DOCTYPE html PUBLIC "-//W3C//DTD XHTML 1.0 Transitional//EN"
    "http://www.w3.org/TR/xhtml1/DTD/xhtml1-transitional.dtd">
<html xmlns="http://www.w3.org/1999/xhtml" xml:lang="en" lang="en">
 <head>
  <title>
</title>
<meta http-equiv="Content-Type" content="text/html;charset=utf-8" />
  <meta name='ocr-system' content='tesseract 3.04.00' />
  <meta name='ocr-capabilities' content='ocr_page ocr_carea ocr_par ocr_line ocrx_word'/>
</head>
<body>
  <div class='ocr_page' id='page_1' title='image "./desgrafenwolrad03trosgoog_0046.png"; bbox 0 0 3017 5225; ppageno 0'>
   <div class='ocr_carea' id='block_1_1' title="bbox 132 542 1350 4530">
    <p class='ocr_par' dir='ltr' id='par_1_1' title="bbox 166 542 1345 1247">
     <span class='ocr_line' id='line_1_1' title="bbox 166 542 1345 621; baseline -0.006 -10"><span class='ocrx_word' id='word_1_1' title='bbox 166 550 252 611; x_wconf 87' lang='lat' dir='ltr'><strong>brata</strong></span> <span class='ocrx_word' id='word_1_2' title='bbox 267 554 297 611; x_wconf 89' lang='lat' dir='ltr'><strong>et</strong></span> <span class='ocrx_word' id='word_1_3' title='bbox 311 549 399 611; x_wconf 90' lang='lat' dir='ltr'><strong>iidem</strong></span> <span class='ocrx_word' id='word_1_4' title='bbox 412 547 527 609; x_wconf 86' lang='lat' dir='ltr'><strong>Maiero</strong></span> <span class='ocrx_word' id='word_1_5' title='bbox 541 546 578 608; x_wconf 90' lang='lat' dir='ltr'><strong>sb</strong></span> <span class='ocrx_word' id='word_1_6' title='bbox 592 546 654 621; x_wconf 91' lang='lat' dir='ltr'><strong>ipso</strong></span> <span class='ocrx_word' id='word_1_7' title='bbox 670 550 772 607; x_wconf 90' lang='lat' dir='ltr'><strong>autore</strong></span> <span class='ocrx_word' id='word_1_8' title='bbox 786 548 909 609; x_wconf 90' lang='lat' dir='ltr'><strong>donatus</strong></span> <span class='ocrx_word' id='word_1_9' title='bbox 923 544 1036 621; x_wconf 72' lang='lat' dir='ltr'><strong>metat,</strong></span> <span class='ocrx_word' id='word_1_10' title='bbox 1058 544 1187 607; x_wconf 77' lang='lat' dir='ltr'><strong>donauit</strong></span> <span class='ocrx_word' id='word_1_11' title='bbox 1208 542 1299 605; x_wconf 84' lang='lat' dir='ltr'><strong>Dedit</strong></span> <span class='ocrx_word' id='word_1_12' title='bbox 1312 547 1345 604; x_wconf 84' lang='lat' dir='ltr'><strong>ct</strong></span> 
     </span>
     <span class='ocr_line' id='line_1_2' title="bbox 166 647 1342 729; baseline -0.007 -12"><span class='ocrx_word' id='word_1_13' title='bbox 166 656 289 717; x_wconf 81' lang='lat' dir='ltr'><strong>alterum</strong></span> <span class='ocrx_word' id='word_1_14' title='bbox 310 660 411 717; x_wconf 86' lang='lat' dir='ltr'><strong>autore</strong></span> <span class='ocrx_word' id='word_1_15' title='bbox 425 654 581 729; x_wconf 86' lang='lat' dir='ltr'><strong>Rudolpho</strong></span> <span class='ocrx_word' id='word_1_16' title='bbox 603 651 772 729; x_wconf 83' lang='lat' dir='ltr'><strong>Gualthero,</strong></span> <span class='ocrx_word' id='word_1_17' title='bbox 794 647 849 727; x_wconf 63' lang='lat' dir='ltr'><strong>qni*</strong></span> <span class='ocrx_word' id='word_1_18' title='bbox 859 653 966 727; x_wconf 79' lang='lat' dir='ltr'><strong>Servus</strong></span> <span class='ocrx_word' id='word_1_19' title='bbox 986 653 1196 713; x_wconf 71' lang='lat' dir='ltr'><strong>ecdmiasticus</strong></span> <span class='ocrx_word' id='word_1_20' title='bbox 1208 650 1342 712; x_wconf 83' lang='lat' dir='ltr'><strong>inscribi·</strong></span> 
     </span>
     <span class='ocr_line' id='line_1_3' title="bbox 169 756 1342 834; baseline -0.005 -11"><span class='ocrx_word' id='word_1_21' title='bbox 169 768 227 823; x_wconf 92' lang='lat' dir='ltr'><strong>tur.</strong></span> <span class='ocrx_word' id='word_1_22' title='bbox 251 762 324 823; x_wconf 89' lang='lat' dir='ltr'><strong>ltem</strong></span> <span class='ocrx_word' id='word_1_23' title='bbox 338 776 453 821; x_wconf 88' lang='lat' dir='ltr'><strong>carmen</strong></span> <span class='ocrx_word' id='word_1_24' title='bbox 468 760 501 819; x_wconf 91' lang='lat' dir='ltr'><strong>in</strong></span> <span class='ocrx_word' id='word_1_25' title='bbox 514 758 619 823; x_wconf 90' lang='lat' dir='ltr'><strong>bellum</strong></span> <span class='ocrx_word' id='word_1_26' title='bbox 634 758 833 819; x_wconf 81' lang='lat' dir='ltr'><strong>Germanicum</strong></span> <span class='ocrx_word' id='word_1_27' title='bbox 854 774 909 834; x_wconf 87' lang='lat' dir='ltr'><strong>per</strong></span> <span class='ocrx_word' id='word_1_28' title='bbox 922 756 1108 823; x_wconf 81' lang='lat' dir='ltr'><strong>Pediouaeum</strong></span> <span class='ocrx_word' id='word_1_29' title='bbox 1126 764 1158 817; x_wconf 92' lang='lat' dir='ltr'><strong>et</strong></span> <span class='ocrx_word' id='word_1_30' title='bbox 1170 758 1256 832; x_wconf 79' lang='lat' dir='ltr'><strong>hujus</strong></span> <span class='ocrx_word' id='word_1_31' title='bbox 1269 758 1342 817; x_wconf 86' lang='lat' dir='ltr'><strong>ami·</strong></span> 
     </span>
     <span class='ocr_line' id='line_1_4' title="bbox 170 863 1343 938; baseline -0.003 -11"><span class='ocrx_word' id='word_1_32' title='bbox 170 884 235 927; x_wconf 90' lang='lat' dir='ltr'><strong>oum</strong></span> <span class='ocrx_word' id='word_1_33' title='bbox 248 868 279 927; x_wconf 90' lang='lat' dir='ltr'><strong>iu</strong></span> <span class='ocrx_word' id='word_1_34' title='bbox 301 863 423 930; x_wconf 88' lang='lat' dir='ltr'><strong>eundem</strong></span> <span class='ocrx_word' id='word_1_35' title='bbox 444 882 559 925; x_wconf 85' lang='lat' dir='ltr'><strong>carmen</strong></span> <span class='ocrx_word' id='word_1_36' title='bbox 578 864 732 938; x_wconf 77' lang='lat' dir='ltr'><strong>iambicum</strong></span> <span class='ocrx_word' id='word_1_37' title='bbox 753 864 913 923; x_wconf 80' lang='lat' dir='ltr'><strong>trimetrum</strong></span> <span class='ocrx_word' id='word_1_38' title='bbox 932 879 1044 925; x_wconf 81' lang='lat' dir='ltr'><strong>seston.</strong></span> <span class='ocrx_word' id='word_1_39' title='bbox 1082 863 1162 925; x_wconf 88' lang='lat' dir='ltr'><strong>Idem</strong></span> <span class='ocrx_word' id='word_1_40' title='bbox 1180 864 1343 923; x_wconf 66' lang='lat' dir='ltr'><strong>licentiatus</strong></span> 
     </span>
     <span class='ocr_line' id='line_1_5' title="bbox 170 961 1342 1047; baseline -0.005 -13"><span class='ocrx_word' id='word_1_41' title='bbox 170 974 266 1035; x_wconf 83' lang='lat' dir='ltr'><strong>Maior</strong></span> <span class='ocrx_word' id='word_1_42' title='bbox 280 972 449 1033; x_wconf 74' lang='lat' dir='ltr'><strong>euocatum</strong></span> <span class='ocrx_word' id='word_1_43' title='bbox 463 972 525 1047; x_wconf 79' lang='lat' dir='ltr'><strong>agit</strong></span> <span class='ocrx_word' id='word_1_44' title='bbox 540 970 620 1031; x_wconf 90' lang='lat' dir='ltr'><strong>ducis</strong></span> <span class='ocrx_word' id='word_1_45' title='bbox 634 969 909 1044; x_wconf 77' lang='lat' dir='ltr'><strong>Wirtenbergamis,</strong></span> <span class='ocrx_word' id='word_1_46' title='bbox 924 971 975 1044; x_wconf 81' lang='lat' dir='ltr'><strong>qni</strong></span> <span class='ocrx_word' id='word_1_47' title='bbox 989 975 1020 1029; x_wconf 89' lang='lat' dir='ltr'><strong>et</strong></span> <span class='ocrx_word' id='word_1_48' title='bbox 1033 961 1183 1029; x_wconf 79' lang='lat' dir='ltr'><strong>consilium</strong></span> <span class='ocrx_word' id='word_1_49' title='bbox 1197 969 1342 1043; x_wconf 82' lang='lat' dir='ltr'><strong>conscrip-</strong></span> 
     </span>
     <span class='ocr_line' id='line_1_6' title="bbox 170 1074 1342 1155; baseline -0.005 -15"><span class='ocrx_word' id='word_1_50' title='bbox 170 1081 217 1155; x_wconf 86' lang='lat' dir='ltr'><strong>sit,</strong></span> <span class='ocrx_word' id='word_1_51' title='bbox 240 1096 278 1139; x_wconf 90' lang='lat' dir='ltr'><strong>an</strong></span> <span class='ocrx_word' id='word_1_52' title='bbox 292 1076 367 1137; x_wconf 87' lang='lat' dir='ltr'><strong>filius</strong></span> <span class='ocrx_word' id='word_1_53' title='bbox 381 1076 474 1152; x_wconf 77' lang='lat' dir='ltr'>possit</span> <span class='ocrx_word' id='word_1_54' title='bbox 487 1076 596 1150; x_wconf 86' lang='lat' dir='ltr'><strong>privari</strong></span> <span class='ocrx_word' id='word_1_55' title='bbox 609 1074 695 1135; x_wconf 84' lang='lat' dir='ltr'><strong>feudo</strong></span> <span class='ocrx_word' id='word_1_56' title='bbox 715 1075 752 1135; x_wconf 92' lang='lat' dir='ltr'><strong>ob</strong></span> <span class='ocrx_word' id='word_1_57' title='bbox 767 1074 915 1149; x_wconf 84' lang='lat' dir='ltr'><strong>valeniam,</strong></span> <span class='ocrx_word' id='word_1_58' title='bbox 939 1080 973 1135; x_wconf 91' lang='lat' dir='ltr'><strong>ut</strong></span> <span class='ocrx_word' id='word_1_59' title='bbox 989 1076 1152 1151; x_wconf 81' lang='lat' dir='ltr'><strong>jurisperiti</strong></span> <span class='ocrx_word' id='word_1_60' title='bbox 1166 1074 1275 1149; x_wconf 83' lang='lat' dir='ltr'><strong>dicunt,</strong></span> <span class='ocrx_word' id='word_1_61' title='bbox 1290 1089 1342 1148; x_wconf 87' lang='lat' dir='ltr'><strong>pa·</strong></span> 
     </span>
     <span class='ocr_line' id='line_1_7' title="bbox 170 1186 293 1247; baseline -0.041 0"><span class='ocrx_word' id='word_1_62' title='bbox 170 1186 224 1247; x_wconf 86' lang='lat' dir='ltr'><strong>tn&#39;s</strong></span> <span class='ocrx_word' id='word_1_63' title='bbox 239 1189 293 1245; x_wconf 87' lang='lat' dir='ltr'><strong>eto.</strong></span> 
     </span>
    </p>

    <p class='ocr_par' dir='ltr' id='par_1_2' title="bbox 172 1285 1347 1782">
     <span class='ocr_line' id='line_1_8' title="bbox 260 1285 1345 1362; baseline -0.005 -11"><span class='ocrx_word' id='word_1_64' title='bbox 260 1290 342 1351; x_wconf 86' lang='lat' dir='ltr'><strong>Mille</strong></span> <span class='ocrx_word' id='word_1_65' title='bbox 357 1293 388 1347; x_wconf 92' lang='lat' dir='ltr'><strong>et</strong></span> <span class='ocrx_word' id='word_1_66' title='bbox 407 1288 556 1362; x_wconf 79' lang='lat' dir='ltr'><strong>quingenti</strong></span> <span class='ocrx_word' id='word_1_67' title='bbox 577 1286 685 1361; x_wconf 84' lang='lat' dir='ltr'><strong>reperti</strong></span> <span class='ocrx_word' id='word_1_68' title='bbox 700 1289 776 1359; x_wconf 90' lang='lat' dir='ltr'><strong>sunt,</strong></span> <span class='ocrx_word' id='word_1_69' title='bbox 799 1287 849 1359; x_wconf 82' lang='lat' dir='ltr'><strong>oui</strong></span> <span class='ocrx_word' id='word_1_70' title='bbox 864 1287 900 1347; x_wconf 87' lang='lat' dir='ltr'><strong>de</strong></span> <span class='ocrx_word' id='word_1_71' title='bbox 922 1288 1002 1349; x_wconf 89' lang='lat' dir='ltr'><strong>ducis</strong></span> <span class='ocrx_word' id='word_1_72' title='bbox 1021 1287 1150 1351; x_wconf 90' lang='lat' dir='ltr'><strong>Udalrici</strong></span> <span class='ocrx_word' id='word_1_73' title='bbox 1164 1285 1345 1360; x_wconf 75' lang='lat' dir='ltr'><strong>wirtenber-</strong></span> 
     </span>
     <span class='ocr_line' id='line_1_9' title="bbox 172 1392 1345 1473; baseline -0.005 -16"><span class='ocrx_word' id='word_1_74' title='bbox 172 1397 268 1473; x_wconf 78' lang='lat' dir='ltr'><strong>gensis</strong></span> <span class='ocrx_word' id='word_1_75' title='bbox 283 1392 391 1455; x_wconf 82' lang='lat' dir='ltr'><strong>ferocia</strong></span> <span class='ocrx_word' id='word_1_76' title='bbox 410 1398 440 1453; x_wconf 89' lang='lat' dir='ltr'><strong>et</strong></span> <span class='ocrx_word' id='word_1_77' title='bbox 460 1392 517 1456; x_wconf 90' lang='lat' dir='ltr'><strong>illis</strong></span> <span class='ocrx_word' id='word_1_78' title='bbox 532 1392 612 1455; x_wconf 84' lang='lat' dir='ltr'><strong>illata</strong></span> <span class='ocrx_word' id='word_1_79' title='bbox 627 1392 734 1465; x_wconf 87' lang='lat' dir='ltr'><strong>injuria</strong></span> <span class='ocrx_word' id='word_1_80' title='bbox 749 1393 881 1464; x_wconf 77' lang='lat' dir='ltr'>querelas</span> <span class='ocrx_word' id='word_1_81' title='bbox 899 1394 1094 1453; x_wconf 87' lang='lat' dir='ltr'><strong>instituerunt.</strong></span> <span class='ocrx_word' id='word_1_82' title='bbox 1133 1392 1234 1451; x_wconf 81' lang='lat' dir='ltr'><strong>Multis</strong></span> <span class='ocrx_word' id='word_1_83' title='bbox 1248 1397 1345 1451; x_wconf 66' lang='lat' dir='ltr'><strong>umen</strong></span> 
     </span>
     <span class='ocr_line' id='line_1_10' title="bbox 173 1497 1347 1580; baseline -0.006 -17"><span class='ocrx_word' id='word_1_84' title='bbox 173 1502 266 1563; x_wconf 82' lang='lat' dir='ltr'><strong>visum</strong></span> <span class='ocrx_word' id='word_1_85' title='bbox 280 1506 333 1574; x_wconf 89' lang='lat' dir='ltr'><strong>est,</strong></span> <span class='ocrx_word' id='word_1_86' title='bbox 348 1499 402 1558; x_wconf 89' lang='lat' dir='ltr'><strong>hos</strong></span> <span class='ocrx_word' id='word_1_87' title='bbox 417 1500 448 1557; x_wconf 86' lang='lat' dir='ltr'><strong>in</strong></span> <span class='ocrx_word' id='word_1_88' title='bbox 461 1498 577 1557; x_wconf 75' lang='lat' dir='ltr'><strong>borrel</strong></span> <span class='ocrx_word' id='word_1_89' title='bbox 590 1498 711 1571; x_wconf 82' lang='lat' dir='ltr'><strong>pecunia</strong></span> <span class='ocrx_word' id='word_1_90' title='bbox 725 1497 858 1573; x_wconf 86' lang='lat' dir='ltr'><strong>allicitos,</strong></span> <span class='ocrx_word' id='word_1_91' title='bbox 872 1498 918 1557; x_wconf 78' lang='lat' dir='ltr'><strong>vei</strong></span> <span class='ocrx_word' id='word_1_92' title='bbox 933 1498 1005 1559; x_wconf 88' lang='lat' dir='ltr'><strong>alias</strong></span> <span class='ocrx_word' id='word_1_93' title='bbox 1020 1497 1255 1580; x_wconf 79' lang='lat' dir='ltr'><strong>apctcntioribns</strong></span> <span class='ocrx_word' id='word_1_94' title='bbox 1269 1500 1347 1557; x_wconf 87' lang='lat' dir='ltr'><strong>nunc</strong></span> 
     </span>
     <span class='ocr_line' id='line_1_11' title="bbox 172 1590 1346 1678; baseline -0.004 -10"><span class='ocrx_word' id='word_1_95' title='bbox 172 1590 297 1669; x_wconf 88' lang='lat' dir='ltr'><strong>ditiones</strong></span> <span class='ocrx_word' id='word_1_96' title='bbox 319 1606 399 1667; x_wconf 89' lang='lat' dir='ltr'><strong>ducis</strong></span> <span class='ocrx_word' id='word_1_97' title='bbox 419 1605 547 1665; x_wconf 82' lang='lat' dir='ltr'><strong>oviantes</strong></span> <span class='ocrx_word' id='word_1_98' title='bbox 562 1598 734 1665; x_wconf 77' lang='lat' dir='ltr'><strong>subornatos</strong></span> <span class='ocrx_word' id='word_1_99' title='bbox 749 1619 822 1676; x_wconf 88' lang='lat' dir='ltr'><strong>esse,</strong></span> <span class='ocrx_word' id='word_1_100' title='bbox 838 1618 901 1662; x_wconf 89' lang='lat' dir='ltr'><strong>cum</strong></span> <span class='ocrx_word' id='word_1_101' title='bbox 925 1602 1034 1676; x_wconf 76' lang='lat' dir='ltr'><strong>alioqui</strong></span> <span class='ocrx_word' id='word_1_102' title='bbox 1053 1600 1111 1663; x_wconf 84' lang='lat' dir='ltr'><strong>dur</strong></span> <span class='ocrx_word' id='word_1_103' title='bbox 1131 1604 1195 1678; x_wconf 90' lang='lat' dir='ltr'><strong>ipse</strong></span> <span class='ocrx_word' id='word_1_104' title='bbox 1210 1609 1240 1663; x_wconf 91' lang='lat' dir='ltr'><strong>et</strong></span> <span class='ocrx_word' id='word_1_105' title='bbox 1254 1619 1272 1663; x_wconf 89' lang='lat' dir='ltr'><strong>a</strong></span> <span class='ocrx_word' id='word_1_106' title='bbox 1286 1604 1346 1663; x_wconf 90' lang='lat' dir='ltr'><strong>suis</strong></span> 
     </span>
     <span class='ocr_line' id='line_1_12' title="bbox 172 1709 882 1782; baseline -0.007 -8"><span class='ocrx_word' id='word_1_107' title='bbox 172 1714 272 1773; x_wconf 87' lang='lat' dir='ltr'><strong>intima</strong></span> <span class='ocrx_word' id='word_1_108' title='bbox 287 1715 399 1771; x_wconf 86' lang='lat' dir='ltr'><strong>amatur</strong></span> <span class='ocrx_word' id='word_1_109' title='bbox 414 1713 444 1769; x_wconf 89' lang='lat' dir='ltr'><strong>et</strong></span> <span class='ocrx_word' id='word_1_110' title='bbox 458 1710 535 1782; x_wconf 81' lang='lat' dir='ltr'><strong>equi</strong></span> <span class='ocrx_word' id='word_1_111' title='bbox 549 1710 746 1771; x_wconf 71' lang='lat' dir='ltr'><strong>tenacissimus</strong></span> <span class='ocrx_word' id='word_1_112' title='bbox 759 1709 882 1771; x_wconf 88' lang='lat' dir='ltr'><strong>dicatur.</strong></span> 
     </span>
    </p>

    <p class='ocr_par' dir='ltr' id='par_1_3' title="bbox 172 1812 1346 2221">
     <span class='ocr_line' id='line_1_13' title="bbox 261 1812 1343 1889; baseline -0.001 -13"><span class='ocrx_word' id='word_1_113' title='bbox 261 1818 296 1876; x_wconf 90' lang='lat' dir='ltr'><strong>In</strong></span> <span class='ocrx_word' id='word_1_114' title='bbox 311 1814 414 1875; x_wconf 89' lang='lat' dir='ltr'><strong>iisdem</strong></span> <span class='ocrx_word' id='word_1_115' title='bbox 428 1814 547 1889; x_wconf 86' lang='lat' dir='ltr'><strong>aedibus,</strong></span> <span class='ocrx_word' id='word_1_116' title='bbox 571 1814 673 1888; x_wconf 86' lang='lat' dir='ltr'><strong>quibus</strong></span> <span class='ocrx_word' id='word_1_117' title='bbox 688 1830 765 1875; x_wconf 91' lang='lat' dir='ltr'><strong>nune</strong></span> <span class='ocrx_word' id='word_1_118' title='bbox 778 1814 873 1876; x_wconf 81' lang='lat' dir='ltr'><strong>Maior</strong></span> <span class='ocrx_word' id='word_1_119' title='bbox 887 1812 1042 1889; x_wconf 84' lang='lat' dir='ltr'><strong>inhabitat,</strong></span> <span class='ocrx_word' id='word_1_120' title='bbox 1057 1815 1125 1875; x_wconf 88' lang='lat' dir='ltr'><strong>olim</strong></span> <span class='ocrx_word' id='word_1_121' title='bbox 1132 1813 1268 1875; x_wconf 85' lang='lat' dir='ltr'><strong>Urbanus</strong></span> <span class='ocrx_word' id='word_1_122' title='bbox 1284 1816 1343 1875; x_wconf 88' lang='lat' dir='ltr'><strong>Re·</strong></span> 
     </span>
     <span class='ocr_line' id='line_1_14' title="bbox 174 1919 1346 1998; baseline 0 -17"><span class='ocrx_word' id='word_1_123' title='bbox 174 1922 238 1998; x_wconf 80' lang='lat' dir='ltr'><strong>pius</strong></span> <span class='ocrx_word' id='word_1_124' title='bbox 259 1924 450 1981; x_wconf 88' lang='lat' dir='ltr'><strong>commoratus</strong></span> <span class='ocrx_word' id='word_1_125' title='bbox 473 1924 526 1979; x_wconf 89' lang='lat' dir='ltr'><strong>est.</strong></span> <span class='ocrx_word' id='word_1_126' title='bbox 572 1919 677 1982; x_wconf 84' lang='lat' dir='ltr'><strong>Filiolo</strong></span> <span class='ocrx_word' id='word_1_127' title='bbox 692 1920 841 1987; x_wconf 76' lang='lat' dir='ltr'><strong>‚licentiati</strong></span> <span class='ocrx_word' id='word_1_128' title='bbox 861 1919 957 1979; x_wconf 86' lang='lat' dir='ltr'><strong>lllaier</strong></span> <span class='ocrx_word' id='word_1_129' title='bbox 983 1919 1055 1979; x_wconf 89' lang='lat' dir='ltr'><strong>dnos</strong></span> <span class='ocrx_word' id='word_1_130' title='bbox 1078 1936 1183 1979; x_wconf 87' lang='lat' dir='ltr'><strong>aureos</strong></span> <span class='ocrx_word' id='word_1_131' title='bbox 1206 1920 1346 1983; x_wconf 83' lang='lat' dir='ltr'><strong>dedimus.</strong></span> 
     </span>
     <span class='ocr_line' id='line_1_15' title="bbox 172 2024 1346 2106; baseline -0.002 -17"><span class='ocrx_word' id='word_1_132' title='bbox 172 2028 278 2103; x_wconf 81' lang='lat' dir='ltr'><strong>Meyer</strong></span> <span class='ocrx_word' id='word_1_133' title='bbox 292 2024 473 2085; x_wconf 89' lang='lat' dir='ltr'><strong>archiducem</strong></span> <span class='ocrx_word' id='word_1_134' title='bbox 488 2024 690 2106; x_wconf 89' lang='lat' dir='ltr'><strong>alloquendum</strong></span> <span class='ocrx_word' id='word_1_135' title='bbox 705 2026 838 2087; x_wconf 84' lang='lat' dir='ltr'><strong>consulit</strong></span> <span class='ocrx_word' id='word_1_136' title='bbox 875 2024 964 2101; x_wconf 78' lang='lat' dir='ltr'><strong>Viglii</strong></span> <span class='ocrx_word' id='word_1_137' title='bbox 984 2026 1126 2098; x_wconf 77' lang='lat' dir='ltr'><strong>autoritas</strong></span> <span class='ocrx_word' id='word_1_138' title='bbox 1140 2030 1207 2101; x_wconf 89' lang='lat' dir='ltr'><strong>post</strong></span> <span class='ocrx_word' id='word_1_139' title='bbox 1218 2026 1346 2088; x_wconf 80' lang='lat' dir='ltr'><strong>Atreba-</strong></span> 
     </span>
     <span class='ocr_line' id='line_1_16' title="bbox 176 2111 861 2221; baseline -0.003 -28"><span class='ocrx_word' id='word_1_140' title='bbox 176 2111 395 2221; x_wconf 50' lang='lat' dir='ltr'><strong>tensem&#39;priuna</strong></span> <span class='ocrx_word' id='word_1_141' title='bbox 409 2135 454 2191; x_wconf 88' lang='lat' dir='ltr'><strong>est</strong></span> <span class='ocrx_word' id='word_1_142' title='bbox 467 2131 542 2191; x_wconf 90' lang='lat' dir='ltr'><strong>inter</strong></span> <span class='ocrx_word' id='word_1_143' title='bbox 556 2128 587 2191; x_wconf 92' lang='lat' dir='ltr'><strong>id</strong></span> <span class='ocrx_word' id='word_1_144' title='bbox 601 2146 692 2205; x_wconf 79' lang='lat' dir='ltr'><strong>genus</strong></span> <span class='ocrx_word' id='word_1_145' title='bbox 705 2130 861 2191; x_wconf 90' lang='lat' dir='ltr'><strong>bominum.</strong></span> 
     </span>
    </p>

    <p class='ocr_par' dir='ltr' id='par_1_4' title="bbox 172 2234 1350 3164">
     <span class='ocr_line' id='line_1_17' title="bbox 265 2234 1348 2311; baseline -0.002 -14"><span class='ocrx_word' id='word_1_146' title='bbox 265 2238 343 2297; x_wconf 87' lang='lat' dir='ltr'><strong>Note</strong></span> <span class='ocrx_word' id='word_1_147' title='bbox 357 2238 433 2296; x_wconf 85' lang='lat' dir='ltr'><strong>inter</strong></span> <span class='ocrx_word' id='word_1_148' title='bbox 444 2236 664 2310; x_wconf 75' lang='lat' dir='ltr'><strong>iurisconsultos</strong></span> <span class='ocrx_word' id='word_1_149' title='bbox 678 2236 763 2295; x_wconf 87' lang='lat' dir='ltr'><strong>italos</strong></span> <span class='ocrx_word' id='word_1_150' title='bbox 776 2235 953 2311; x_wconf 86' lang='lat' dir='ltr'><strong>disputatum</strong></span> <span class='ocrx_word' id='word_1_151' title='bbox 968 2248 1041 2310; x_wconf 88' lang='lat' dir='ltr'><strong>esse,</strong></span> <span class='ocrx_word' id='word_1_152' title='bbox 1056 2251 1096 2302; x_wconf 82' lang='lat' dir='ltr'><strong>au</strong></span> <span class='ocrx_word' id='word_1_153' title='bbox 1110 2234 1144 2309; x_wconf 91' lang='lat' dir='ltr'><strong>is,</strong></span> <span class='ocrx_word' id='word_1_154' title='bbox 1160 2236 1210 2309; x_wconf 84' lang='lat' dir='ltr'><strong>qui</strong></span> <span class='ocrx_word' id='word_1_155' title='bbox 1224 2251 1277 2311; x_wconf 89' lang='lat' dir='ltr'><strong>per</strong></span> <span class='ocrx_word' id='word_1_156' title='bbox 1286 2234 1348 2295; x_wconf 79' lang='lat' dir='ltr'><strong>ce-</strong></span> 
     </span>
     <span class='ocr_line' id='line_1_18' title="bbox 173 2340 1349 2418; baseline -0.006 -12"><span class='ocrx_word' id='word_1_157' title='bbox 173 2344 247 2405; x_wconf 85' lang='lat' dir='ltr'><strong>saris</strong></span> <span class='ocrx_word' id='word_1_158' title='bbox 260 2343 371 2418; x_wconf 79' lang='lat' dir='ltr'><strong>legatos</strong></span> <span class='ocrx_word' id='word_1_159' title='bbox 386 2344 438 2399; x_wconf 88' lang='lat' dir='ltr'><strong>ant</strong></span> <span class='ocrx_word' id='word_1_160' title='bbox 453 2340 662 2399; x_wconf 86' lang='lat' dir='ltr'><strong>commissarios</strong></span> <span class='ocrx_word' id='word_1_161' title='bbox 676 2340 830 2401; x_wconf 82' lang='lat' dir='ltr'><strong>avallonia</strong></span> <span class='ocrx_word' id='word_1_162' title='bbox 851 2340 998 2401; x_wconf 85' lang='lat' dir='ltr'><strong>absolutus</strong></span> <span class='ocrx_word' id='word_1_163' title='bbox 1013 2341 1060 2414; x_wconf 91' lang='lat' dir='ltr'><strong>sit,</strong></span> <span class='ocrx_word' id='word_1_164' title='bbox 1075 2340 1100 2399; x_wconf 88' lang='lat' dir='ltr'><strong>si</strong></span> <span class='ocrx_word' id='word_1_165' title='bbox 1114 2340 1177 2415; x_wconf 90' lang='lat' dir='ltr'><strong>ipse</strong></span> <span class='ocrx_word' id='word_1_166' title='bbox 1190 2340 1349 2416; x_wconf 87' lang='lat' dir='ltr'><strong>imperator</strong></span> 
     </span>
     <span class='ocr_line' id='line_1_19' title="bbox 174 2442 1347 2537; baseline -0.003 -29"><span class='ocrx_word' id='word_1_167' title='bbox 174 2465 232 2508; x_wconf 90' lang='lat' dir='ltr'><strong>non</strong></span> <span class='ocrx_word' id='word_1_168' title='bbox 242 2446 428 2507; x_wconf 78' lang='lat' dir='ltr'><strong>notificaverit</strong></span> <span class='ocrx_word' id='word_1_169' title='bbox 437 2442 646 2537; x_wconf 80' lang='lat' dir='ltr'><strong>absolutionem</strong></span> <span class='ocrx_word' id='word_1_170' title='bbox 655 2446 686 2503; x_wconf 92' lang='lat' dir='ltr'><strong>in</strong></span> <span class='ocrx_word' id='word_1_171' title='bbox 700 2446 820 2519; x_wconf 88' lang='lat' dir='ltr'><strong>propria</strong></span> <span class='ocrx_word' id='word_1_172' title='bbox 833 2461 967 2521; x_wconf 90' lang='lat' dir='ltr'><strong>persona,</strong></span> <span class='ocrx_word' id='word_1_173' title='bbox 982 2445 1125 2508; x_wconf 85' lang='lat' dir='ltr'><strong>absolutio</strong></span> <span class='ocrx_word' id='word_1_174' title='bbox 1140 2451 1206 2527; x_wconf 77' lang='lat' dir='ltr'><strong>rata</strong></span> <span class='ocrx_word' id='word_1_175' title='bbox 1219 2462 1283 2505; x_wconf 91' lang='lat' dir='ltr'><strong>esse</strong></span> <span class='ocrx_word' id='word_1_176' title='bbox 1297 2444 1347 2505; x_wconf 89' lang='lat' dir='ltr'><strong>de·</strong></span> 
     </span>
     <span class='ocr_line' id='line_1_20' title="bbox 172 2546 1346 2630; baseline -0.003 -14"><span class='ocrx_word' id='word_1_177' title='bbox 172 2555 251 2630; x_wconf 90' lang='lat' dir='ltr'><strong>beat,</strong></span> <span class='ocrx_word' id='word_1_178' title='bbox 266 2570 304 2614; x_wconf 90' lang='lat' dir='ltr'><strong>en</strong></span> <span class='ocrx_word' id='word_1_179' title='bbox 319 2554 411 2625; x_wconf 81' lang='lat' dir='ltr'><strong>secius,</strong></span> <span class='ocrx_word' id='word_1_180' title='bbox 428 2555 457 2609; x_wconf 87' lang='lat' dir='ltr'><strong>et</strong></span> <span class='ocrx_word' id='word_1_181' title='bbox 471 2546 635 2609; x_wconf 86' lang='lat' dir='ltr'><strong>conclusum</strong></span> <span class='ocrx_word' id='word_1_182' title='bbox 650 2553 703 2624; x_wconf 88' lang='lat' dir='ltr'><strong>est,</strong></span> <span class='ocrx_word' id='word_1_183' title='bbox 718 2548 796 2609; x_wconf 89' lang='lat' dir='ltr'><strong>buno</strong></span> <span class='ocrx_word' id='word_1_184' title='bbox 808 2550 971 2612; x_wconf 88' lang='lat' dir='ltr'><strong>absolutum</strong></span> <span class='ocrx_word' id='word_1_185' title='bbox 982 2568 1040 2612; x_wconf 91' lang='lat' dir='ltr'><strong>non</strong></span> <span class='ocrx_word' id='word_1_186' title='bbox 1049 2568 1126 2625; x_wconf 88' lang='lat' dir='ltr'><strong>essc;</strong></span> <span class='ocrx_word' id='word_1_187' title='bbox 1143 2551 1265 2626; x_wconf 84' lang='lat' dir='ltr'><strong>exempli</strong></span> <span class='ocrx_word' id='word_1_188' title='bbox 1279 2567 1346 2628; x_wconf 78' lang='lat' dir='ltr'><strong>gra·</strong></span> 
     </span>
     <span class='ocr_line' id='line_1_21' title="bbox 172 2656 1350 2744; baseline -0.004 -22"><span class='ocrx_word' id='word_1_189' title='bbox 172 2661 215 2722; x_wconf 88' lang='lat' dir='ltr'><strong>tia</strong></span> <span class='ocrx_word' id='word_1_190' title='bbox 236 2658 397 2718; x_wconf 81' lang='lat' dir='ltr'><strong>Mediolani</strong></span> <span class='ocrx_word' id='word_1_191' title='bbox 416 2657 475 2718; x_wconf 85' lang='lat' dir='ltr'><strong>dux</strong></span> <span class='ocrx_word' id='word_1_192' title='bbox 498 2656 566 2716; x_wconf 91' lang='lat' dir='ltr'><strong>olim</strong></span> <span class='ocrx_word' id='word_1_193' title='bbox 588 2673 641 2732; x_wconf 90' lang='lat' dir='ltr'><strong>per</strong></span> <span class='ocrx_word' id='word_1_194' title='bbox 663 2656 802 2744; x_wconf 86' lang='lat' dir='ltr'><strong>quasdam</strong></span> <span class='ocrx_word' id='word_1_195' title='bbox 830 2659 1039 2720; x_wconf 68' lang='lat' dir='ltr'><strong>transactiom</strong></span> <span class='ocrx_word' id='word_1_196' title='bbox 1064 2658 1213 2720; x_wconf 87' lang='lat' dir='ltr'><strong>absolutus</strong></span> <span class='ocrx_word' id='word_1_197' title='bbox 1230 2663 1297 2718; x_wconf 86' lang='lat' dir='ltr'><strong>erat</strong></span> <span class='ocrx_word' id='word_1_198' title='bbox 1317 2664 1350 2718; x_wconf 89' lang='lat' dir='ltr'><strong>et</strong></span> 
     </span>
     <span class='ocr_line' id='line_1_22' title="bbox 172 2762 1347 2839; baseline -0.002 -15"><span class='ocrx_word' id='word_1_199' title='bbox 172 2769 270 2824; x_wconf 86' lang='lat' dir='ltr'><strong>tamen</strong></span> <span class='ocrx_word' id='word_1_200' title='bbox 290 2763 358 2824; x_wconf 88' lang='lat' dir='ltr'><strong>dum</strong></span> <span class='ocrx_word' id='word_1_201' title='bbox 378 2779 574 2824; x_wconf 83' lang='lat' dir='ltr'><strong>aeaesareano</strong></span> <span class='ocrx_word' id='word_1_202' title='bbox 594 2765 725 2824; x_wconf 82' lang='lat' dir='ltr'><strong>exercitu.</strong></span> <span class='ocrx_word' id='word_1_203' title='bbox 738 2764 846 2837; x_wconf 85' lang='lat' dir='ltr'><strong>passim</strong></span> <span class='ocrx_word' id='word_1_204' title='bbox 865 2762 1003 2839; x_wconf 78' lang='lat' dir='ltr'><strong>affligitur</strong></span> <span class='ocrx_word' id='word_1_205' title='bbox 1027 2768 1057 2823; x_wconf 92' lang='lat' dir='ltr'><strong>et</strong></span> <span class='ocrx_word' id='word_1_206' title='bbox 1071 2763 1138 2824; x_wconf 93' lang='lat' dir='ltr'><strong>dum</strong></span> <span class='ocrx_word' id='word_1_207' title='bbox 1152 2765 1190 2824; x_wconf 92' lang='lat' dir='ltr'><strong>de</strong></span> <span class='ocrx_word' id='word_1_208' title='bbox 1202 2762 1259 2825; x_wconf 88' lang='lat' dir='ltr'><strong>boc</strong></span> <span class='ocrx_word' id='word_1_209' title='bbox 1277 2779 1347 2822; x_wconf 88' lang='lat' dir='ltr'><strong>con·</strong></span> 
     </span>
     <span class='ocr_line' id='line_1_23' title="bbox 174 2855 1348 2946; baseline -0.002 -16"><span class='ocrx_word' id='word_1_210' title='bbox 174 2871 314 2944; x_wconf 86' lang='lat' dir='ltr'><strong>queritur,</strong></span> <span class='ocrx_word' id='word_1_211' title='bbox 334 2869 376 2928; x_wconf 94' lang='lat' dir='ltr'><strong>illi</strong></span> <span class='ocrx_word' id='word_1_212' title='bbox 397 2867 610 2943; x_wconf 82' lang='lat' dir='ltr'><strong>protendebant</strong></span> <span class='ocrx_word' id='word_1_213' title='bbox 624 2885 673 2930; x_wconf 89' lang='lat' dir='ltr'><strong>aas</strong></span> <span class='ocrx_word' id='word_1_214' title='bbox 690 2855 904 2931; x_wconf 74' lang='lat' dir='ltr'><strong>&#39;transactiones</strong></span> <span class='ocrx_word' id='word_1_215' title='bbox 923 2870 962 2930; x_wconf 90' lang='lat' dir='ltr'><strong>ab</strong></span> <span class='ocrx_word' id='word_1_216' title='bbox 978 2871 1101 2946; x_wconf 88' lang='lat' dir='ltr'><strong>ipsomet</strong></span> <span class='ocrx_word' id='word_1_217' title='bbox 1123 2862 1298 2945; x_wconf 78' lang='lat' dir='ltr'><strong>imperatore</strong></span> <span class='ocrx_word' id='word_1_218' title='bbox 1317 2871 1348 2928; x_wconf 92' lang='lat' dir='ltr'><strong>in</strong></span> 
     </span>
     <span class='ocr_line' id='line_1_24' title="bbox 174 2972 1349 3053; baseline 0.001 -18"><span class='ocrx_word' id='word_1_219' title='bbox 174 2976 295 3053; x_wconf 87' lang='lat' dir='ltr'><strong>propria</strong></span> <span class='ocrx_word' id='word_1_220' title='bbox 309 2991 433 3050; x_wconf 89' lang='lat' dir='ltr'><strong>persona</strong></span> <span class='ocrx_word' id='word_1_221' title='bbox 447 2975 563 3034; x_wconf 91' lang='lat' dir='ltr'><strong>minime</strong></span> <span class='ocrx_word' id='word_1_222' title='bbox 578 2972 759 3035; x_wconf 87' lang='lat' dir='ltr'><strong>confirmatas</strong></span> <span class='ocrx_word' id='word_1_223' title='bbox 774 2991 846 3034; x_wconf 87' lang='lat' dir='ltr'><strong>esse.</strong></span> <span class='ocrx_word' id='word_1_224' title='bbox 884 2975 919 3034; x_wconf 94' lang='lat' dir='ltr'><strong>Id</strong></span> <span class='ocrx_word' id='word_1_225' title='bbox 937 2976 968 3035; x_wconf 88' lang='lat' dir='ltr'><strong>ln</strong></span> <span class='ocrx_word' id='word_1_226' title='bbox 981 2976 1067 3036; x_wconf 87' lang='lat' dir='ltr'><strong>Italia</strong></span> <span class='ocrx_word' id='word_1_227' title='bbox 1079 2975 1250 3051; x_wconf 86' lang='lat' dir='ltr'><strong>plantatum,</strong></span> <span class='ocrx_word' id='word_1_228' title='bbox 1272 2993 1349 3038; x_wconf 88' lang='lat' dir='ltr'><strong>nune</strong></span> 
     </span>
     <span class='ocr_line' id='line_1_25' title="bbox 174 3077 1117 3164; baseline -0.001 -23"><span class='ocrx_word' id='word_1_229' title='bbox 174 3079 260 3140; x_wconf 86' lang='lat' dir='ltr'><strong>floret</strong></span> <span class='ocrx_word' id='word_1_230' title='bbox 272 3080 305 3139; x_wconf 90' lang='lat' dir='ltr'><strong>in</strong></span> <span class='ocrx_word' id='word_1_231' title='bbox 320 3077 484 3154; x_wconf 77' lang='lat' dir='ltr'><strong>Germania,</strong></span> <span class='ocrx_word' id='word_1_232' title='bbox 500 3084 533 3139; x_wconf 89' lang='lat' dir='ltr'><strong>ut</strong></span> <span class='ocrx_word' id='word_1_233' title='bbox 547 3081 611 3155; x_wconf 90' lang='lat' dir='ltr'><strong>ipsa</strong></span> <span class='ocrx_word' id='word_1_234' title='bbox 626 3081 710 3142; x_wconf 89' lang='lat' dir='ltr'><strong>dccet</strong></span> <span class='ocrx_word' id='word_1_235' title='bbox 724 3082 911 3154; x_wconf 84' lang='lat' dir='ltr'><strong>experientia.</strong></span> <span class='ocrx_word' id='word_1_236' title='bbox 1110 3155 1117 3164; x_wconf 34' lang='grc' dir='ltr'><strong><em>Ι</em></strong></span> 
     </span>
    </p>

    <p class='ocr_par' dir='ltr' id='par_1_5' title="bbox 174 3173 1348 3465">
     <span class='ocr_line' id='line_1_26' title="bbox 264 3173 1348 3274; baseline 0.004 -30"><span class='ocrx_word' id='word_1_237' title='bbox 264 3184 439 3262; x_wconf 87' lang='lat' dir='ltr'><strong>Laurentius</strong></span> <span class='ocrx_word' id='word_1_238' title='bbox 454 3201 473 3246; x_wconf 87' lang='lat' dir='ltr'><strong>a</strong></span> <span class='ocrx_word' id='word_1_239' title='bbox 489 3183 611 3260; x_wconf 83' lang='lat' dir='ltr'><strong>Grueen,</strong></span> <span class='ocrx_word' id='word_1_240' title='bbox 628 3187 710 3260; x_wconf 87' lang='lat' dir='ltr'><strong>quia</strong></span> <span class='ocrx_word' id='word_1_241' title='bbox 725 3202 815 3260; x_wconf 87' lang='lat' dir='ltr'><strong>puero</strong></span> <span class='ocrx_word' id='word_1_242' title='bbox 830 3187 936 3246; x_wconf 88' lang='lat' dir='ltr'><strong>Joauni</strong></span> <span class='ocrx_word' id='word_1_243' title='bbox 950 3187 1099 3248; x_wconf 83' lang='lat' dir='ltr'><strong>Friderico</strong></span> <span class='ocrx_word' id='word_1_244' title='bbox 1112 3173 1240 3274; x_wconf 83' lang='lat' dir='ltr'><strong>Electori</strong></span> <span class='ocrx_word' id='word_1_245' title='bbox 1255 3189 1348 3248; x_wconf 86' lang='lat' dir='ltr'><strong>inser-</strong></span> 
     </span>
     <span class='ocr_line' id='line_1_27' title="bbox 174 3290 1346 3370; baseline 0.002 -18"><span class='ocrx_word' id='word_1_246' title='bbox 174 3291 281 3365; x_wconf 84' lang='lat' dir='ltr'><strong>vierat,</strong></span> <span class='ocrx_word' id='word_1_247' title='bbox 305 3290 349 3350; x_wconf 92' lang='lat' dir='ltr'><strong>illi</strong></span> <span class='ocrx_word' id='word_1_248' title='bbox 363 3291 557 3370; x_wconf 75' lang='lat' dir='ltr'><strong>obesissimus,</strong></span> <span class='ocrx_word' id='word_1_249' title='bbox 580 3299 647 3354; x_wconf 91' lang='lat' dir='ltr'><strong>ante</strong></span> <span class='ocrx_word' id='word_1_250' title='bbox 671 3307 778 3367; x_wconf 86' lang='lat' dir='ltr'><strong>paucos</strong></span> <span class='ocrx_word' id='word_1_251' title='bbox 801 3293 863 3354; x_wconf 90' lang='lat' dir='ltr'><strong>dies</strong></span> <span class='ocrx_word' id='word_1_252' title='bbox 883 3293 930 3352; x_wconf 90' lang='lat' dir='ltr'><strong>hic</strong></span> <span class='ocrx_word' id='word_1_253' title='bbox 943 3292 1083 3367; x_wconf 71' lang='lat' dir='ltr'><strong>Augustae</strong></span> <span class='ocrx_word' id='word_1_254' title='bbox 1106 3293 1137 3352; x_wconf 90' lang='lat' dir='ltr'><strong>in</strong></span> <span class='ocrx_word' id='word_1_255' title='bbox 1157 3292 1281 3354; x_wconf 80' lang='lat' dir='ltr'><strong>Domim</strong></span> <span class='ocrx_word' id='word_1_256' title='bbox 1295 3294 1346 3354; x_wconf 89' lang='lat' dir='ltr'><strong>ob·</strong></span> 
     </span>
     <span class='ocr_line' id='line_1_28' title="bbox 174 3395 1054 3465; baseline -0.003 -7"><span class='ocrx_word' id='word_1_257' title='bbox 174 3395 298 3458; x_wconf 85' lang='lat' dir='ltr'><strong>dormiit.</strong></span> <span class='ocrx_word' id='word_1_258' title='bbox 804 3398 806 3403; x_wconf 86' lang='lat'>&#39;</span> <span class='ocrx_word' id='word_1_259' title='bbox 1051 3459 1054 3465; x_wconf 70' lang='grc'><em>,</em></span> 
     </span>
    </p>

    <p class='ocr_par' dir='ltr' id='par_1_6' title="bbox 132 3485 1348 3986">
     <span class='ocr_line' id='line_1_29' title="bbox 263 3485 1348 3576; baseline 0.005 -17"><span class='ocrx_word' id='word_1_260' title='bbox 263 3500 378 3560; x_wconf 82' lang='lat' dir='ltr'><strong>Samuel</strong></span> <span class='ocrx_word' id='word_1_261' title='bbox 399 3517 487 3576; x_wconf 91' lang='lat' dir='ltr'><strong>nepos</strong></span> <span class='ocrx_word' id='word_1_262' title='bbox 506 3502 612 3562; x_wconf 83' lang='lat' dir='ltr'><strong>Eubuli</strong></span> <span class='ocrx_word' id='word_1_263' title='bbox 643 3504 757 3564; x_wconf 90' lang='lat' dir='ltr'><strong>nomine</strong></span> <span class='ocrx_word' id='word_1_264' title='bbox 774 3485 885 3564; x_wconf 67' lang='lat' dir='ltr'><strong>ioanni</strong></span> <span class='ocrx_word' id='word_1_265' title='bbox 906 3503 1055 3564; x_wconf 85' lang='lat' dir='ltr'><strong>Friderico</strong></span> <span class='ocrx_word' id='word_1_266' title='bbox 1076 3503 1206 3564; x_wconf 80' lang='lat' dir='ltr'><strong>Electori</strong></span> <span class='ocrx_word' id='word_1_267' title='bbox 1226 3503 1348 3564; x_wconf 72' lang='lat' dir='ltr'><strong>miutem</strong></span> 
     </span>
     <span class='ocr_line' id='line_1_30' title="bbox 173 3597 1348 3692; baseline 0.004 -29"><span class='ocrx_word' id='word_1_268' title='bbox 173 3604 254 3678; x_wconf 82' lang='lat' dir='ltr'><strong>dixit,</strong></span> <span class='ocrx_word' id='word_1_269' title='bbox 277 3621 330 3680; x_wconf 90' lang='lat' dir='ltr'><strong>per</strong></span> <span class='ocrx_word' id='word_1_270' title='bbox 345 3621 428 3679; x_wconf 86' lang='lat' dir='ltr'><strong>quem</strong></span> <span class='ocrx_word' id='word_1_271' title='bbox 444 3597 551 3668; x_wconf 81' lang='lat' dir='ltr'><strong>elector</strong></span> <span class='ocrx_word' id='word_1_272' title='bbox 564 3607 693 3682; x_wconf 83' lang='lat' dir='ltr'><strong>jubebat,</strong></span> <span class='ocrx_word' id='word_1_273' title='bbox 710 3614 743 3668; x_wconf 91' lang='lat' dir='ltr'><strong>ut</strong></span> <span class='ocrx_word' id='word_1_274' title='bbox 757 3609 871 3692; x_wconf 79' lang='lat' dir='ltr'><strong>Eubulo</strong></span> <span class='ocrx_word' id='word_1_275' title='bbox 885 3608 1009 3684; x_wconf 89' lang='lat' dir='ltr'><strong>diceret,</strong></span> <span class='ocrx_word' id='word_1_276' title='bbox 1025 3626 1057 3669; x_wconf 91' lang='lat' dir='ltr'><strong>se</strong></span> <span class='ocrx_word' id='word_1_277' title='bbox 1073 3609 1110 3669; x_wconf 92' lang='lat' dir='ltr'><strong>de</strong></span> <span class='ocrx_word' id='word_1_278' title='bbox 1126 3614 1226 3671; x_wconf 88' lang='lat' dir='ltr'><strong>nostra</strong></span> <span class='ocrx_word' id='word_1_279' title='bbox 1240 3609 1348 3682; x_wconf 79' lang='lat' dir='ltr'><strong>iniuria</strong></span> 
     </span>
     <span class='ocr_line' id='line_1_31' title="bbox 132 3711 1346 3787; baseline 0.001 -14"><span class='ocrx_word' id='word_1_280' title='bbox 132 3749 134 3754; x_wconf 58' lang='lat'>=</span> <span class='ocrx_word' id='word_1_281' title='bbox 173 3711 281 3773; x_wconf 88' lang='lat' dir='ltr'><strong>dolere.</strong></span> <span class='ocrx_word' id='word_1_282' title='bbox 306 3711 381 3772; x_wconf 88' lang='lat' dir='ltr'><strong>Nam</strong></span> <span class='ocrx_word' id='word_1_283' title='bbox 395 3714 432 3774; x_wconf 93' lang='lat' dir='ltr'><strong>de</strong></span> <span class='ocrx_word' id='word_1_284' title='bbox 446 3712 501 3774; x_wconf 88' lang='lat' dir='ltr'><strong>hac</strong></span> <span class='ocrx_word' id='word_1_285' title='bbox 515 3730 547 3772; x_wconf 88' lang='lat' dir='ltr'><strong>re</strong></span> <span class='ocrx_word' id='word_1_286' title='bbox 563 3731 594 3774; x_wconf 89' lang='lat' dir='ltr'><strong>se</strong></span> <span class='ocrx_word' id='word_1_287' title='bbox 609 3715 646 3774; x_wconf 88' lang='lat' dir='ltr'><strong>ab</strong></span> <span class='ocrx_word' id='word_1_288' title='bbox 660 3714 787 3776; x_wconf 87' lang='lat' dir='ltr'><strong>Ernesto</strong></span> <span class='ocrx_word' id='word_1_289' title='bbox 801 3714 874 3774; x_wconf 86' lang='lat' dir='ltr'><strong>duee</strong></span> <span class='ocrx_word' id='word_1_290' title='bbox 888 3714 1020 3774; x_wconf 86' lang='lat' dir='ltr'><strong>edoctum</strong></span> <span class='ocrx_word' id='word_1_291' title='bbox 1034 3731 1107 3775; x_wconf 88' lang='lat' dir='ltr'><strong>esse.</strong></span> <span class='ocrx_word' id='word_1_292' title='bbox 1134 3713 1262 3774; x_wconf 77' lang='lat' dir='ltr'><strong>iubebat</strong></span> <span class='ocrx_word' id='word_1_293' title='bbox 1274 3730 1346 3787; x_wconf 85' lang='lat' dir='ltr'><strong>quo-</strong></span> 
     </span>
     <span class='ocr_line' id='line_1_32' title="bbox 175 3817 1345 3896; baseline 0.003 -18"><span class='ocrx_word' id='word_1_294' title='bbox 175 3835 231 3892; x_wconf 88' lang='lat' dir='ltr'><strong>que</strong></span> <span class='ocrx_word' id='word_1_295' title='bbox 247 3817 362 3893; x_wconf 82' lang='lat' dir='ltr'><strong>elector,</strong></span> <span class='ocrx_word' id='word_1_296' title='bbox 379 3825 412 3878; x_wconf 92' lang='lat' dir='ltr'><strong>ut</strong></span> <span class='ocrx_word' id='word_1_297' title='bbox 427 3836 491 3879; x_wconf 89' lang='lat' dir='ltr'><strong>eum</strong></span> <span class='ocrx_word' id='word_1_298' title='bbox 501 3821 663 3894; x_wconf 86' lang='lat' dir='ltr'><strong>inviserem,</strong></span> <span class='ocrx_word' id='word_1_299' title='bbox 678 3821 710 3883; x_wconf 90' lang='lat' dir='ltr'><strong>id</strong></span> <span class='ocrx_word' id='word_1_300' title='bbox 724 3825 822 3880; x_wconf 74' lang='lat' dir='ltr'><strong>tanmn</strong></span> <span class='ocrx_word' id='word_1_301' title='bbox 837 3819 966 3880; x_wconf 88' lang='lat' dir='ltr'><strong>nonnisi</strong></span> <span class='ocrx_word' id='word_1_302' title='bbox 981 3821 1131 3896; x_wconf 78' lang='lat' dir='ltr'><strong>explorato</strong></span> <span class='ocrx_word' id='word_1_303' title='bbox 1146 3820 1345 3882; x_wconf 88' lang='lat' dir='ltr'><strong>consilioWil·</strong></span> 
     </span>
     <span class='ocr_line' id='line_1_33' title="bbox 172 3906 1332 3986; baseline -0.001 -4"><span class='ocrx_word' id='word_1_304' title='bbox 172 3921 260 3984; x_wconf 77' lang='lat' dir='ltr'><strong>belini</strong></span> <span class='ocrx_word' id='word_1_305' title='bbox 275 3924 385 3986; x_wconf 78' lang='lat' dir='ltr'><strong>consitis</strong></span> <span class='ocrx_word' id='word_1_306' title='bbox 400 3922 495 3986; x_wconf 81' lang='lat' dir='ltr'><strong>facere</strong></span> <span class='ocrx_word' id='word_1_307' title='bbox 510 3925 596 3984; x_wconf 90' lang='lat' dir='ltr'><strong>volui.</strong></span> <span class='ocrx_word' id='word_1_308' title='bbox 1192 3906 1196 3915; x_wconf 55' lang='grc'><strong>“</strong></span> <span class='ocrx_word' id='word_1_309' title='bbox 1248 3943 1257 3947; x_wconf 93' lang='grc'><em>·</em></span> <span class='ocrx_word' id='word_1_310' title='bbox 1329 3933 1332 3936; x_wconf 68' lang='grc'><strong>“</strong></span> 
     </span>
    </p>

    <p class='ocr_par' dir='ltr' id='par_1_7' title="bbox 173 4027 1347 4196">
     <span class='ocr_line' id='line_1_34' title="bbox 261 4027 1347 4107; baseline 0.003 -20"><span class='ocrx_word' id='word_1_311' title='bbox 261 4027 389 4102; x_wconf 84' lang='lat' dir='ltr'><strong>Papistae</strong></span> <span class='ocrx_word' id='word_1_312' title='bbox 409 4029 524 4088; x_wconf 85' lang='lat' dir='ltr'><strong>interim</strong></span> <span class='ocrx_word' id='word_1_313' title='bbox 547 4029 708 4104; x_wconf 85' lang='lat' dir='ltr'><strong>suscipere,</strong></span> <span class='ocrx_word' id='word_1_314' title='bbox 725 4030 795 4090; x_wconf 85' lang='lat' dir='ltr'><strong>&#39;nisi</strong></span> <span class='ocrx_word' id='word_1_315' title='bbox 817 4031 848 4090; x_wconf 93' lang='lat' dir='ltr'><strong>in</strong></span> <span class='ocrx_word' id='word_1_316' title='bbox 872 4033 926 4093; x_wconf 87' lang='lat' dir='ltr'><strong>boo</strong></span> <span class='ocrx_word' id='word_1_317' title='bbox 948 4031 1098 4107; x_wconf 84' lang='lat' dir='ltr'><strong>explorato</strong></span> <span class='ocrx_word' id='word_1_318' title='bbox 1121 4045 1205 4107; x_wconf 80' lang='lat' dir='ltr'><strong>ptpoe</strong></span> <span class='ocrx_word' id='word_1_319' title='bbox 1226 4031 1347 4094; x_wconf 88' lang='lat' dir='ltr'><strong>consilio</strong></span> 
     </span>
     <span class='ocr_line' id='line_1_35' title="bbox 173 4135 283 4196; baseline 0.018 -2"><span class='ocrx_word' id='word_1_320' title='bbox 173 4135 283 4196; x_wconf 86' lang='lat' dir='ltr'><strong>nolunt.</strong></span> 
     </span>
    </p>

    <p class='ocr_par' dir='ltr' id='par_1_8' title="bbox 173 4235 1346 4414">
     <span class='ocr_line' id='line_1_36' title="bbox 266 4235 1346 4323; baseline 0.002 -23"><span class='ocrx_word' id='word_1_321' title='bbox 266 4237 343 4300; x_wconf 87' lang='lat' dir='ltr'><strong>Dido</strong></span> <span class='ocrx_word' id='word_1_322' title='bbox 360 4239 396 4300; x_wconf 91' lang='lat' dir='ltr'><strong>de</strong></span> <span class='ocrx_word' id='word_1_323' title='bbox 420 4239 605 4315; x_wconf 90' lang='lat' dir='ltr'><strong>Kniephusen</strong></span> <span class='ocrx_word' id='word_1_324' title='bbox 627 4246 657 4302; x_wconf 89' lang='lat' dir='ltr'><strong>et</strong></span> <span class='ocrx_word' id='word_1_325' title='bbox 673 4235 852 4304; x_wconf 71' lang='lat' dir='ltr'><strong>&#39;secretarius</strong></span> <span class='ocrx_word' id='word_1_326' title='bbox 865 4242 1008 4323; x_wconf 84' lang='lat' dir='ltr'><strong>Hoiensis</strong></span> <span class='ocrx_word' id='word_1_327' title='bbox 1020 4257 1112 4315; x_wconf 68' lang='lat' dir='ltr'><strong>coena</strong></span> <span class='ocrx_word' id='word_1_328' title='bbox 1126 4247 1234 4303; x_wconf 69' lang='lat' dir='ltr'><strong>nosue</strong></span> <span class='ocrx_word' id='word_1_329' title='bbox 1256 4243 1346 4319; x_wconf 81' lang='lat' dir='ltr'><strong>inter·</strong></span> 
     </span>
     <span class='ocr_line' id='line_1_37' title="bbox 173 4343 996 4414; baseline -0.005 -8"><span class='ocrx_word' id='word_1_330' title='bbox 173 4343 299 4414; x_wconf 85' lang='lat' dir='ltr'><strong>fuerunt.</strong></span> <span class='ocrx_word' id='word_1_331' title='bbox 993 4370 996 4376; x_wconf 54' lang='lat'><strong><em>¹</em></strong></span> 
     </span>
    </p>

    <p class='ocr_par' dir='ltr' id='par_1_9' title="bbox 264 4444 1348 4530">
     <span class='ocr_line' id='line_1_38' title="bbox 264 4444 1348 4530; baseline 0.002 -16"><span class='ocrx_word' id='word_1_332' title='bbox 264 4449 387 4514; x_wconf 86' lang='lat' dir='ltr'><strong>Domine</strong></span> <span class='ocrx_word' id='word_1_333' title='bbox 401 4450 491 4530; x_wconf 86' lang='lat' dir='ltr'><strong>Deus,</strong></span> <span class='ocrx_word' id='word_1_334' title='bbox 506 4453 694 4530; x_wconf 86' lang='lat' dir='ltr'><strong>omnipotens,</strong></span> <span class='ocrx_word' id='word_1_335' title='bbox 709 4450 883 4529; x_wconf 86' lang='lat' dir='ltr'><strong>misericors,</strong></span> <span class='ocrx_word' id='word_1_336' title='bbox 897 4453 1012 4529; x_wconf 90' lang='lat' dir='ltr'><strong>patiens</strong></span> <span class='ocrx_word' id='word_1_337' title='bbox 1025 4457 1056 4514; x_wconf 86' lang='lat' dir='ltr'><strong>et</strong></span> <span class='ocrx_word' id='word_1_338' title='bbox 1069 4452 1202 4529; x_wconf 70' lang='lat' dir='ltr'><strong>benigne,</strong></span> <span class='ocrx_word' id='word_1_339' title='bbox 1217 4444 1348 4528; x_wconf 77' lang='lat' dir='ltr'><strong>Eo&#39;ouid</strong></span> 
     </span>
    </p>
   </div>
   <div class='ocr_carea' id='block_1_2' title="bbox 0 0 1520 5225">
    <p class='ocr_par' dir='ltr' id='par_1_10' title="bbox 0 0 1520 5225">
     <span class='ocr_line' id='line_1_39' title="bbox 0 0 1520 5225; baseline 0 0"><span class='ocrx_word' id='word_1_340' title='bbox 0 0 1520 5225; x_wconf 95' lang='lat' dir='ltr'><strong> </strong></span> 
     </span>
    </p>
   </div>
  </div>
 </body>
</html>
