3017 5225
764 433 827 498 lue

206 619 262 694 ipsi
285 617 399 679 exboc
422 616 605 678 consecuturi
627 620 733 675 essent.
771 615 854 690 Quod
876 621 971 678 autern
994 615 1140 676 addiderit
1161 615 1198 676 de
1220 616 1382 690 putatione,

203 723 364 797 abjectione
391 728 421 780 et
446 721 627 803 colligatione
653 718 817 795 infrugiferi
845 721 969 794 palmitis
992 722 1060 795 igne
1082 719 1280 795 comburendi,
1303 737 1382 782 oom-

203 827 389 887 minatiouem
403 842 467 884 esse
482 841 547 884 curn
558 827 639 899 justa
653 825 797 886 mathesi.
828 826 948 887 Duobus
963 830 1059 886 autem
1073 825 1165 886 modis
1182 843 1239 908 nos¹
1249 827 1280 886 in
1296 825 1379 886 Chri·
1393 814 1398 822 ’

204 936 248 991 sto
271 948 330 990 non
351 946 467 989 manere
489 930 573 1003 dixit3
603 931 698 1007 primo
719 947 783 990 cum
811 931 941 992 verbum
956 931 1018 1006 ejus
1046 930 1189 1006 audimus,
1218 931 1270 992 sed
1291 930 1382 991 corde

203 1034 603 1108 marceniensem
628 1035 752 1096 secundo
774 1035 842 1099 dum
862 1036 980 1097 verbnm
999 1035 1113 1108 quidem
1132 1035 1194 1110 aius
1214 1034 1379 1110 arripimus,

203 1141 234 1200 id
249 1142 342 1216 ipsum
355 1138 490 1200 ineorde
510 1137 592 1200 uobis
612 1155 726 1214 quoque
747 1139 892 1216 dulcescit,
916 1141 967 1202 sed
988 1145 1084 1200 tamen
1104 1156 1157 1216 per
1179 1140 1381 1214 hujusmundi

203 1245 352 1306 illecebras
374 1245 421 1304 rel
441 1245 616 1303 tentationes
638 1230 810 1320 repedemus
831 1250 923 1327 retro,
948 1249 1022 1306 sient
1042 1250 1071 1306 et
1094 1243 1225 1306 Christus
1239 1244 1380 1312 ,dominus

202 1351 233 1409 iu
247 1350 386 1425 parabule
399 1349 566 1408 seminantis
581 1349 617 1410 de
632 1352 740 1411 semine
755 1351 874 1410 cadente
893 1351 970 1410 inter
989 1351 1086 1426 spinas
1105 1351 1215 1431 monuit
1235 1356 1288 1410 etc.
1318 1349 1379 1410 Do-

202 1456 296 1515 minus
310 1459 407 1515 autern
421 1460 545 1541 quatuor
563 1456 610 1520 bic
624 1456 812 1515 comminatus
829 1459 885 1529 est,
909 1455 1017 1515 scilicet
1035 1454 1113 1518 foras
1133 1456 1274 1530 ejicietur,
1297 1471 1377 1516 ares-

202 1566 257 1634 cet,
280 1560 430 1634 colligetur
444 1565 474 1618 et
487 1561 655 1635 projicietur
669 1562 818 1635 inignem.
849 1560 924 1623 Nam
942 1560 1068 1634 palmitis
1089 1561 1139 1634 qui
1159 1576 1178 1618 a
1198 1554 1256 1620 rite
1272 1560 1378 1620 rescin

203 1665 289 1725 ditur
297 1665 361 1740 quis
377 1681 445 1723 usus
460 1664 537 1724 est?-
554 1665 671 1723 Nullum
687 1665 762 1723 enim
782 1663 898 1724 odorem
919 1664 1016 1740 babet,
1040 1681 1092 1724 uec
1112 1665 1197 1742 sapit,
1219 1679 1273 1726 nec
1293 1670 1378 1739 aptus

203 1775 248 1829 est
261 1769 299 1830 ad
313 1782 386 1844 opus
401 1767 477 1829 fabri
491 1769 616 1844 lignarii,
640 1784 693 1829 nec
707 1767 772 1830 ioco
792 1767 987 1830 oabfaciendo
1007 1767 1133 1843 prodest.
1165 1770 1244 1830 Dicit
1263 1786 1378 1844 quoque

202 1880 322 1949 meoet,
346 1874 424 1948 quod
445 1879 696 1949 quantumcunque
717 1875 847 1947 speciosa
867 1875 1020 1934 videantur
1040 1890 1144 1950 opera,
1167 1876 1241 1933 siin
1263 1872 1378 1933 Christo

204 1996 263 2040 non
284 1980 539 2056 permanserimus,
559 1979 681 2040 tandem
702 1985 902 2040 excrescentes
925 1987 955 2042 et
977 1955 1096 2041 ericcati
1118 1979 1281 2040 reddemur.
1320 1978 1378 2046 Sed

202 2067 353 2160 impiorum
375 2086 429 2143 boc
450 2084 489 2142 sit
509 2083 668 2158 ingenium,
681 2077 685 2082 ’
698 2089 730 2144 ut
750 2063 943 2159 parvifaciunt
964 2103 1027 2146 esse
1050 2088 1080 2146 in
1102 2061 1233 2158 Christo,
1254 2085 1378 2157 quiret
1427 2163 1434 2171 μ

201 2191 324 2252 mundns
343 2191 373 2249 id
392 2207 450 2251 nou
469 2189 624 2250 admodum
642 2191 762 2264 appetit.
801 2190 924 2276 Mallent
943 2193 1018 2252 enirn
1038 2191 1181 2264 nonnulli,
1206 2190 1231 2248 si
1250 2204 1286 2248 ex
1300 2186 1378 2263 ipso·

202 2314 267 2356 rum
295 2300 363 2354 uoto
391 2296 520 2369 cederet,
539 2298 610 2354 suis
637 2294 832 2368 voluptatibus
860 2299 891 2354 in
919 2296 976 2356 hoc
996 2297 1102 2356 mundo
1130 2295 1188 2354 irui
1216 2299 1246 2354 et
1273 2292 1377 2354 ooelum

206 2401 321 2461 Christo
336 2403 367 2458 in
381 2403 552 2473 perpetuum
571 2399 712 2472 linquere.
744 2400 808 2471 Quo
823 2405 923 2460 autem
944 2406 1114 2476 agnoscant,
1138 2402 1216 2459 siin
1237 2401 1296 2468 rite
1315 2415 1376 2464 ma·

181 2559 184 2564 .
204 2521 273 2564 nere
288 2505 390 2578 nolint,
406 2504 437 2563 id
453 2519 501 2562 eos
517 2519 576 2562 non
590 2505 706 2576 impune
720 2504 839 2580 laturos,
857 2504 986 2565 Christus
1004 2506 1095 2580 addit,
1117 2505 1299 2578 colligentur,
1322 2504 1379 2564 hoc

204 2616 257 2685 est,
280 2627 344 2669 cum
358 2609 450 2668 nolint
464 2608 496 2667 in
511 2606 626 2679 Christo
645 2625 824 2684 permanere,
848 2612 936 2673 verbo
954 2612 1081 2685 ligentur
1101 2614 1130 2669 et
1148 2589 1285 2696 unquam
1302 2608 1377 2669 aridi

204 2717 337 2790 palmites
351 2717 383 2775 in
397 2716 492 2789 ignem
506 2715 705 2788 conjicientur,
729 2720 816 2789 atoue
831 2716 894 2775 baec
909 2716 1022 2777 demum
1036 2732 1107 2777 vera
1122 2722 1166 2776 est
1186 2715 1376 2775 excommuni-

203 2824 289 2882 catio.
321 2819 450 2880 Adduxit
464 2825 494 2881 et
508 2836 544 2880 es
558 2818 709 2879 Ezechiele
722 2820 817 2879 locum
832 2820 868 2880 de
883 2822 1022 2895 parabola
1036 2822 1104 2903 ritis
1123 2826 1153 2881 et
1167 2820 1204 2880 dc
1222 2820 1379 2881 inutilitate

205 2927 333 2999 ejusdem
346 2927 504 2984 arescentis
519 2928 573 2985 etc.
590 2939 652 2997 cap.
673 2928 721 2982 17.
753 2926 793 2983 Et
810 2927 999 3000 projicientur
1019 2927 1168 2999 inignem,
1191 2925 1239 2985 bic
1254 2926 1311 2985 erit
1325 2940 1376 2997 po

204 3038 327 3092 strennus
341 3028 427 3103 bujus
442 3029 565 3089 convivii
584 3030 698 3103 mbsus,
721 3031 748 3089 si
766 3031 800 3088 iu·
815 3031 874 3089 vite
894 3046 952 3089 nou
971 3031 1191 3104 permanserint,
1214 3032 1378 3105 aresoeutes

204 3140 305 3210 postea
322 3140 353 3194 et
371 3135 426 3194 sibi
446 3134 540 3192 relicti
559 3134 749 3207 projicientur
769 3136 800 3194 in
820 3136 927 3221 ignem,
952 3137 1055 3209 ignem,
1079 3137 1205 3210 inquam,
1228 3140 1378 3209 aetemum,

204 3240 254 3304 ubi
276 3242 332 3299 erit
353 3238 437 3299 fletus
457 3245 487 3299 et
507 3238 616 3299 stridor
637 3240 764 3299 dentium
787 3245 816 3301 et
835 3222 921 3300 nulla'
935 3233 1103 3313 redemptio.
1141 3239 1197 3305 Hie
1216 3238 1323 3321 diserte
1343 3238 1379 3297 de

189 3333 347 3405 ,haereticis
361 3346 482 3419 aliquot,
488 3344 563 3405 ,aliis
577 3343 726 3404 infernum·
735 3346 917 3420 negantibus,
938 3345 1004 3404 aliis
1019 3345 1094 3404 bunc
1108 3346 1204 3424 ignem
1214 3347 1377 3406 ,extenuan-

203 3451 294 3525 tibus,
318 3450 490 3523 quibusdam
513 3451 598 3508 etiam
621 3452 763 3509 neminem
786 3452 816 3509 iu
838 3449 997 3525 gehennam
1019 3450 1135 3523 conjicii
1157 3446 1377 3522 affirmantibus,

204 3557 311 3629 docuit,
334 3560 421 3628 atque
436 3555 537 3613 borum
553 3560 725 3628 argumenta
738 3556 891 3629 proposuit
904 3566 1026 3629 moxque
1041 3550 1265 3613 commistionem
1280 3568 1378 3612 eorum

204 3678 240 3718 er
259 3661 341 3719 libris
367 3656 395 3717 d.
418 3658 530 3725 Aurelii
551 3656 706 3731 Augustini
729 3658 864 3734 adduxit,
892 3659 945 3719 hos
967 3661 1083 3717 ultimos
1099 3656 1304 3717 misericordes
1326 3674 1377 3731 ap-

203 3765 306 3839 pellari
327 3764 377 3822 ait.
413 3763 475 3821 Nos
494 3766 590 3821 autem
610 3762 698 3823 verbo
720 3763 829 3822 domiui
849 3762 936 3824 fidem
957 3762 1065 3823 babere
1082 3763 1183 3835 jussit,
1208 3762 1379 3845 certiquod

204 3863 287 3929 electi
302 3870 333 3927 in
348 3869 436 3927 vitam
450 3872 596 3941 aeternam,
619 3867 764 3928 maledicti
776 3864 809 3926 et
823 3870 902 3959 impii
916 3868 1056 3942 inignem
1072 3872 1211 3927 aeternum
1225 3868 1291 3939 post
1304 3865 1380 3927 banc

204 3974 293 4032 vitam
312 3974 475 4031 concessuri
494 3968 565 4055 sint:
589 3972 740 4031 consulens
759 3973 849 4045 igitur
869 3979 902 4033 ιιι
920 3988 1059 4032 memores
1079 3987 1206 4031 essemus
1227 3968 1380 4031 ruborum

138 4104 142 4113 ·
205 4077 313 4143 Christi
335 4083 365 4137 et
386 4076 479 4136 Deum
501 4092 650 4137 oraremus
672 4080 756 4136 utin
779 4094 849 4138 vera
871 4079 929 4136 rite
951 4078 1082 4151 palmites
1108 4076 1232 4135 ιτιιιιιιιιι
1253 4073 1379 4143 ferentes

204 4180 396 4257 efficeremur,
420 4199 456 4242 ne
470 4183 573 4241 harum
588 4184 728 4241 minarum
743 4184 899 4257 participes
914 4180 1056 4244 fieremus.

294 4287 395 4350 Comes
410 4304 429 4346 a
443 4287 562 4346 Nassau
577 4292 607 4345 et
620 4286 767 4347 Adrianus
782 4304 800 4347 a
813 4278 1054 4363 Zertzen'rogatu
1068 4285 1189 4349 nanum
1204 4291 1379 4359 nostrorum,

205 4410 269 4467 quae
283 4403 375 4453 mater
390 4410 490 4452 eorum
499 4392 560 4483 ‚bue
574 4391 610 4451 de
624 4394 653 4452 vi
668 4396 698 4451 et
712 4392 827 4481 injuriis
844 4371 1118 4462 Volckmariensium
1134 4408 1185 4465 per
1200 4393 1299 4453 literas
1313 4406 1380 4449 con·

206 4483 308 4574 questa
322 4500 399 4573 erat,
413 4497 628 4573 archiepiscopo
643 4496 814 4569 Coloniensi,
826 4496 1001 4571 obtulerunt.
1025 4499 1131 4559 Verum
1145 4500 1296 4573 episcopus
1311 4495 1380 4571 ipsis
