3017 5225
721 414 788 485 232

167 609 326 670 scribarum
344 608 560 680 meminerat,
583 618 730 676 recessus,
753 618 808 675 per
827 594 915 661 duces
933 602 1075 661 Jcaunem
1088 595 1267 661 iiidcricum
1286 600 1345 661 den

167 714 301 773 Mittlern
318 718 347 772 et
361 686 501 772 Joaunem
513 708 698 769 wilhelmum
712 712 742 766 et
753 706 897 766 Joannem
910 705 1090 765 Fridericum
1100 689 1244 780 iuniorem
1254 707 1345 767 Saxo·

168 819 225 877 nia
240 818 385 892 principes
405 814 596 875 confirmatas.
635 813 708 871 Item
725 812 839 870 litteras
858 811 1054 871 conventionis
1073 810 1150 870 inter
1164 810 1345 871 Gunthcrum

170 924 300 981 comitem
320 927 350 981 et
363 912 475 980 socrum
495 924 633 993 exparte
653 894 750 976 uxoris
771 922 877 975 nostrae
897 921 928 975 ct
945 912 1084 989 legendas
1102 916 1235 990 praebuit.
1273 918 1347 975 Haec

170 1032 266 1087 autem
285 1024 347 1086 fere
367 1028 431 1083 erat
450 1037 561 1083 summa
580 1024 668 1082 totins
690 1022 815 1097 negocii,
839 1026 872 1079 ut
890 1022 920 1078 in
940 1018 1016 1078 die'm
1030 1019 1168 1079 Mercurii
1186 993 1346 1095 prorimam

171 1107 265 1193 comes
280 1128 446 1190 Guntherus
461 1130 556 1188 senior
573 1128 650 1187 iutra
665 1128 765 1187 urbem
779 1106 908 1185 Arnstad
920 1125 959 1185 ad
972 1142 1073 1185 manus
1088 1131 1201 1184 nostras
1215 1126 1348 1185 traderet

173 1252 274 1300 novem
289 1236 368 1295 milia
383 1233 557 1311 florenorum
571 1238 601 1293 ct
614 1250 670 1315 nm=
681 1232 797 1291 nomine
812 1232 910 1291 uxoris
925 1222 1032 1293 nostrae
1047 1230 1278 1319 omnibuquuae
1292 1248 1347 1303 per

170 1345 334 1405 contractus
358 1340 562 1400 Wimarienses
586 1340 669 1399 anuis
694 1337 800 1414 domini
825 1338 910 1418 1525
935 1340 965 1395 et
988 1334 1029 1394 38
1053 1339 1215 1393 maneamus
1237 1350 1344 1393 renuu-

173 1447 323 1534 oiaremus.
390 1478 394 1485 ι

260 1549 370 1610 Eadem
385 1550 554 1623 conscriptae
575 1552 642 1608 sunt
656 1547 761 1607 litterae
775 1536 1001 1605 renunciationis
1015 1543 1057 1619 ct,
1082 1542 1123 1603 uti
1137 1548 1256 1616 vocant,
1281 1545 1345 1617 qui·

171 1654 341 1727 tertiarum,
358 1654 426 1713 item
442 1652 614 1712 dimissionis
628 1654 765 1711 tutorum.

261 1756 372 1817 Eadem
385 1756 516 1815 dominus
525 1754 660 1825 Albertus
673 1756 723 1815 xix
736 1761 850 1830 partem
864 1755 964 1828 psalm.
979 1756 1039 1813 119
1056 1754 1197 1828 exposuit,
1213 1747 1348 1812 minirum

173 1863 261 1921 hauc:
288 1862 390 1921 Justus
410 1878 455 1936 es,
469 1861 604 1936 domine,
627 1867 657 1920 ct
675 1866 785 1920 rectum
801 1859 939 1933 jndicium
957 1864 1039 1919 tuum
1053 1865 1106 1919 etc.
1143 1859 1252 1919 Docuit
1269 1858 1349 1931 quod

173 1967 265 2033 solum
285 1966 332 2025 dei
351 1958 526 2025 rerbum'sx
541 1966 616 2026 omni
636 1971 719 2040 parte
738 1969 848 2024 rectum
867 1966 919 2040 sit,
941 1970 972 2024 et
985 1980 1049 2038 qua
1068 1965 1108 2024 sit
1123 1964 1236 2037 justitia
1249 1979 1349 2028 raram

173 2070 229 2131 deo
244 2071 351 2133 valens.
374 2071 448 2154 item
464 2087 549 2144 quam
564 2070 639 2131 serio
655 2070 726 2129 deus
735 2084 789 2129 sua
803 2075 914 2144 praepta
928 2071 1039 2128 serrari
1048 2070 1226 2144 praeceperit,
1238 2070 1350 2129 scilicet

174 2176 229 2235 sub
239 2177 402 2253 perditione
415 2177 544 2251 corporis
553 2177 703 2263 etauimoe'.
719 2175 792 2234 Item
800 2175 837 2235 de
845 2175 907 2233 zelo
922 2176 1043 2249 piorum.
1058 2175 1099 2232 Et
1110 2174 1186 2233 hanc
1199 2173 1350 2252 octoadem

175 2296 239 2340 esse
258 2283 501 2353 comparationem
520 2281 602 2354 regui
622 2279 727 2347 Christi
747 2284 777 2337 et
795 2278 904 2339 diaboli
921 2296 975 2354 per
993 2280 1149 2339 antithesin
1168 2281 1347 2339 monstravit
1418 2279 1421 2282 ’

165 2385 248 2444 ¹Item
264 2384 300 2449 de
317 2363 478 2445 differentia
494 2386 572 2444 zelus
591 2388 621 2443 et
639 2384 699 2441 mas.
738 2384 811 2443 Item
830 2383 909 2456 quod
927 2384 1048 2448 verbum
1067 2382 1174 2454 domini
1193 2383 1349 2444 dilucidum

174 2503 232 2547 non
256 2489 395 2547 socratica
417 2493 467 2549 aut
486 2488 632 2561 platonica
654 2487 800 2569 doctrina,
823 2489 875 2548 sed
895 2490 1026 2549 docmina
1041 2490 1145 2549 salutis
1163 2490 1248 2569 nullis
1268 2490 1349 2548 invo-

178 2590 266 2652 lucris
280 2584 410 2665 insipide
426 2593 562 2654 humanae
579 2592 728 2668 sapientia
747 2592 931 2669 involvenda,
955 2609 1009 2654 nec
1022 2593 1115 2652 aliam
1125 2610 1210 2669 qnam
1229 2593 1349 2654 eandem

176 2700 205 2754 et
216 2703 386 2773 perpetuam
399 2699 525 2758 ecelesia
537 2711 590 2772 per
603 2697 735 2773 spiritum
750 2715 773 2756 s.
788 2698 896 2758 edocta
907 2699 1173 2772 interpretationem
1185 2699 1347 2761 admittere.

174 2802 247 2860 Item
269 2819 355 2884 quam
376 2804 446 2865 utile
467 2804 668 2884 ottinsundum
683 2806 721 2863 sit
739 2803 795 2864 hoc
813 2806 945 2878 verbum3
967 2820 989 2887 a
1001 2804 1115 2864 mundo
1129 2807 1303 2878 contemptui
1319 2807 1350 2863 ct

176 2909 325 2981 perexigui
339 2909 426 2982 pretii
440 2909 615 2984 habeantur,
638 2914 750 2985 tamen,
771 2912 796 2968 si
810 2911 898 3000 verbo
917 2907 1043 2970 fideliter
1055 2909 1239 2991 ¹adhaereant,
1261 2925 1295 2968 eo
1317 2923 1349 2970 se

177 3012 406 3073 consolantesao
420 3011 473 3086 spe
485 3014 546 3078 iaeti
560 3015 590 3072 in
606 3015 659 3074 deo
674 2999 787 3090 vivunt
806 3032 860 3074 nec
874 3014 912 3075 ob
925 3016 1116 3076 tentationum
1130 3015 1272 3090 procellas
1285 3009 1348 3073 ser·

176 3132 291 3176 monum
306 3115 413 3177 domini
432 3119 476 3177 sui
491 3119 710 3194 obliviscantur,
732 3120 789 3177 illis
808 3137 867 3180 non
886 3122 1010 3180 humano
1030 3137 1117 3179 sensu
1137 3119 1305 3179 aesdmanda
1319 3124 1350 3178 et

176 3221 305 3295 corporis
320 3227 350 3280 et
364 3219 467 3282 animae
482 3223 676 3284 emolumenta
689 3224 755 3285 hinc
767 3226 941 3299 contingere.
962 3227 1035 3285 Item
1049 3234 1149 3285 rursus
1164 3223 1201 3283 de
1215 3225 1284 3282 vcra
1297 3223 1349 3307 illa

174 3327 301 3402 Justitia,
318 3343 353 3387 ec
365 3329 488 3404 scilicet,
506 3339 564 3402 qua
578 3345 631 3390 nes
647 3330 716 3388 deus
731 3334 815 3402 pater
829 3347 883 3406 per
896 3333 1084 3392 mediatorem
1099 3331 1243 3393 Christum
1254 3330 1348 3403 justos

144 3477 145 3480 η
175 3437 308 3508 reputat,
333 3439 362 3492 et
377 3451 426 3510 sa,
440 3451 507 3509 *qua
522 3435 592 3495 deus
603 3438 698 3511 justus
713 3435 820 3511 iudex,
843 3439 923 3511 cujus
933 3428 1111 3509 *sententiam
1131 3437 1172 3496 nil
1185 3439 1349 3518 creatorum

176 3536 301 3613 effugere
310 3537 620 3616 potest‚persecntores
630 3527 759 3601 veritatis
769 3540 1350 3616 etothcosiiioshomines'jnsteetjudicat

177 3626 510 3721 etpunithiodisseruit.
525 3645 622 3720 Atque
629 3647 676 3705 hic
684 3647 891 3721 digressionem
903 3648 971 3709 iecit
979 3647 1020 3709 ad
1029 3649 1206 3709 nostra'haec
1217 3653 1350 3722 tempora

177 3757 206 3809 et
221 3749 320 3810 Cattos
333 3747 345 3784 ²
365 3750 418 3809 hos
432 3754 583 3825 tyrannos,
604 3753 654 3824 qui
668 3747 787 3812 verbum
803 3753 910 3812 domini
924 3753 962 3813 ad
975 3771 1057 3817 suam
1072 3754 1206 3822 Lesbiam
1220 3756 1349 3836 regulam

176 3855 271 3926 aptari
290 3856 397 3914 volunt.
436 3857 554 3914 Interim
574 3857 628 3916 sibi
647 3843 711 3916 cum
733 3859 793 3918 suis
812 3860 990 3918 interimistis
1010 3860 1138 3918 homines
1157 3859 1227 3918 belii
1245 3862 1349 3918 etsuis

177 3959 314 4045 operibus
327 3963 399 4036 J'usti
419 3961 519 4022 haberi
539 3965 665 4038 cupiunt.
700 3965 778 4029 *Item
797 3964 877 4038 quod
901 3965 949 4024 lex
968 3965 1075 4026 domini
1096 3967 1204 4024 veritas
1223 3956 1276 4038 sit,
1295 3979 1349 4023 nos

177 4069 272 4124 autem
288 4071 317 4126 et
332 4069 426 4126 omnia
447 4073 546 4131 nostra
564 4069 751 4128 mendacium.
791 4070 863 4130 Item
878 4087 964 4144 quam
983 4087 1117 4144 magnum
1132 4071 1247 4144 quidem
1266 4070 1305 4129 sit
1318 4071 1349 4131 in

175 4169 240 4243 ipsa
254 4171 415 4230 calamitate
431 4178 460 4232 et
473 4174 606 4253 periculis
621 4180 763 4248 praesente
778 4181 962 4248 persecutore
976 4176 1165 4235 in-mandatis
1180 4175 1282 4234 divinis
1296 4175 1348 4234 de·

175 4275 278 4334 leotari
293 4282 322 4335 ct
337 4293 355 4335 a
368 4277 456 4337 verbo
472 4278 534 4351 ejus
550 4278 667 4338 deviare
686 4279 772 4339 nolle,
810 4281 884 4344 Tum
905 4282 980 4360 enim
999 4297 1063 4340 eam
1079 4298 1244 4341 mansuram
1258 4297 1348 4354 spem,

643 4453 647 4459 ,
751 4415 770 4453 “*

250 4501 376 4551 lcatos?
450 4517 454 4521 ·
511 4463 517 4511 ζ
