3017 5225
741 400 859 509 aas*

188 586 289 647 babet:
304 586 339 647 V.
351 583 388 645 D.
395 584 437 645 lt.
446 586 469 645 I.
480 583 543 674 AB,
565 582 754 659 Evangelium
769 584 875 645 Jcann
889 582 1075 643 amVierten.
1097 583 1171 643 Item
1185 581 1244 641 aliu
1257 582 1370 656 pagina

189 692 277 767 cujus,
286 690 410 750 initium:
425 689 502 759 Dasz
516 690 705 765 Evangelium
719 689 846 770 Mattbci
855 706 908 749 am
921 686 1043 753 umen.
1080 688 1368 749 Observavitautem

189 798 312 871 optimus
326 799 460 871 princeps
480 814 598 871 scopum
618 796 814 857 concionantis
834 800 865 855 ct
878 796 1036 856 sententias
1056 793 1229 855 celebriores
1243 793 1366 852 asteris-

188 904 229 962 cis
244 904 363 963 notavit.
386 904 462 963 Vere
476 904 523 963 hio
537 904 672 977 princeps
687 903 772 976 iuxta
784 895 988 975 prescriptum
1001 899 1111 960 domiui
1124 898 1230 958 librum
1244 898 1318 973 legis
1332 904 1367 957 et

188 1008 328 1082 evangelii
352 1024 412 1081 prse
438 1008 527 1067 oculis
547 1007 664 1079 habuit,
690 1010 778 1065 noctu
803 1005 909 1080 diuque
930 1008 961 1065 in
982 1007 1033 1065 illo
1047 1011 1205 1079 *venatus
1231 1003 1367 1063 omnibus

188 1112 351 1175 christianis
366 1128 402 1173 ex
417 1113 590 1187 principibus
605 1113 707 1171 morito
722 1109 860 1171 imitabile
868 1111 1028 1185 exemplum
1037 1111 1212 1184 relinquens.
1234 1110 1368 1169 Fuerant

188 1222 284 1278 auum
298 1219 399 1278 barum
413 1220 583 1284 tabellarum
596 1198 766 1291 complures,
782 1231 846 1289 quae
857 1218 888 1275 in
903 1215 1019 1277 modum
1031 1214 1148 1276 fornicis
1163 1216 1208 1275 vel
1222 1215 1366 1275 bemicicli

187 1317 335 1395 suposita
349 1320 473 1397 fueram,
498 1302 529 1382 iu
544 1323 645 1397 quibus
661 1315 792 1381 omnibus
806 1321 960 1383 conciones
974 1325 1136 1397 exceperat,
1161 1321 1282 1395 singolis
1297 1335 1365 1378 con·

188 1426 317 1489 sionibus
332 1444 422 1488 novas
436 1429 550 1489 tabulas
567 1426 712 1489 exhibens.
751 1425 818 1485 Heu
833 1424 905 1500 proh
921 1424 1006 1484 dolor
1020 1441 1185 1500 quenquuu
1201 1442 1259 1500 pax
1273 1424 1366 1484 luerit

188 1534 218 1589 et
231 1533 371 1591 securitas
385 1534 416 1593 iu
429 1531 530 1594 diebus
546 1534 623 1607 ejus,
646 1537 743 1593 umen
765 1531 856 1589 hostis
877 1534 1018 1614 regnmte
1032 1528 1091 1589 filio
1107 1531 1169 1605 eius
1183 1532 1279 1591 omnia
1292 1546 1363 1605 pre·

188 1634 265 1695 close
279 1642 421 1698 emutatus
436 1644 489 1699 est.
514 1637 571 1698 Sed
585 1637 744 1711 spesboua
757 1638 899 1708 superest,
915 1634 1042 1698 nondum
1051 1634 1227 1696 abbreviata
1241 1641 1286 1695 est
1299 1653 1363 1695 ma-

152 1767 156 1774 ·
188 1756 243 1835 uus
256 1740 372 1816 domini,
388 1742 459 1803 vivit
474 1749 503 1802 et
517 1747 657 1817 superest,
673 1742 765 1802 velint
778 1740 983 1814 noliutomnes
997 1740 1194 1815 inimicicias,
1210 1742 1261 1815 qui
1274 1742 1363 1801 casti·

187 1862 259 1921 gans
274 1847 396 1923 castigat
416 1863 484 1908 suos
505 1853 601 1909 autem
625 1847 710 1906 morti
725 1846 871 1919 precipue
886 1844 1022 1919 semndae
1034 1862 1093 1906 non
1107 1844 1210 1920 tradit,
1231 1850 1261 1905 et
1275 1863 1364 1920 quem

188 1950 303 2011 deducit
312 1950 350 2011 ad
362 1950 480 2027 inferos,
497 1952 635 2013 reducere
646 1968 762 2026 quoque
773 1957 877 2027 potest
900 1950 1057 2027 Memento,
1073 1950 1197 2026 domine,
1212 1931 1364 2011 servorum
1392 1942 1396 1949 ’

189 2062 315 2131 tuorum,
331 2059 442 2134 respice
455 2058 557 2119 faciem
573 2058 679 2135 christi
693 2062 744 2119 tui.
783 2058 909 2132 Exurge,
933 2058 1012 2118 solve
1027 2056 1204 2133 compeditos
1219 2063 1249 2117 et
1262 2073 1364 2118 assere

143 2164 146 2171 '
187 2164 308 2237 gloriam
328 2166 448 2226 nominis
468 2156 543 2227 tuis
566 2166 635 2239 Quis
656 2164 709 2226 tibi
732 2161 825 2226 fideus
848 2163 1112 2237 unquamr'elictus
1126 2169 1180 2239 est,
1202 2162 1362 2237 odomine,

186 2268 256 2329 deus
272 2269 390 2331 noster?
978 2320 983 2325 .
1178 2256 1182 2262 ’

170 2438 176 2445 ,
277 2374 388 2445 urcem
402 2372 534 2435 cominus
548 2374 685 2435 nessus
699 2390 736 2435 ex
749 2390 813 2450 sp.
832 2373 1004 2448 suus:
1025 2373 1090 2433 unt
1112 2355 1363 2447 condereritju·

187 2478 266 2540 stitia
280 2483 376 2537 vestra
391 2480 541 2553 plusquam
555 2480 714 2541 scribarum
723 2479 985 2553 et'pbarisaeorum,
998 2495 1058 2539 non
1071 2481 1192 2553 potestis
1205 2480 1315 2538 intrare
1330 2480 1363 2537 in

190 2597 309 2658 regnum
325 2584 440 2644 deleto.
456 2600 547 2658 usque
562 2581 598 2644 ad
608 2582 679 2646 'eum
692 2583 799 2645 locum:
821 2584 915 2646 Amen
927 2583 983 2645 tibi
997 2585 1154 2660 dico‚,non
1176 2586 1267 2646 exibis
1281 2584 1360 2660 inde,

187 2688 279 2749 donec
302 2690 475 2764 persolveris
505 2696 663 2752 extremum
691 2691 894 2766 quedrwten,
925 2691 1111 2753 wncionatus
1135 2696 1201 2757 est..
1227 2690 1361 2752 Perlecto

187 2797 334 2882 evangelio
351 2803 465 2858 textum
485 2798 516 2856 in
540 2802 663 2872 quatuor
684 2777 829 2873 doctrinas
848 2796 953 2858 divisit.
992 2787 1120 2855 Priruum
1140 2796 1176 2856 de
1198 2795 1361 2857 differentis

183 2889 303 2974 justitie
317 2901 386 2962 fidei
399 2908 430 2963 et
441 2904 576 2976 justitiae,
598 2919 663 2976 quae
683 2918 719 2963 ex
738 2904 803 2976 lege
823 2901 956 2976 procedit
971 2908 1002 2961 et
1014 2900 1208 2979 involuntarie
1222 2904 1361 2982 quodam·

186 3006 272 3066 modo
286 3005 403 3080 literga
415 3007 556 3066 homines.
594 3007 706 3069 Deinde
726 3007 867 3087 quomodo
882 3008 1014 3068 Christis
1035 3008 1129 3082 legem
1147 3007 1184 3066 de
1204 3025 1262 3070 uon
1283 3011 1358 3070 oeci·

165 3141 169 3148 ·
186 3110 280 3173 dendo
294 3111 501 3186 interpretatus
510 3112 557 3170 sit.
581 3111 653 3180 Item
667 3111 703 3170 de
715 3111 804 3172 verbo
818 3113 927 3174 Raeba.
938 3098 990 3173 =Et
1005 3118 1109 3188 quarto
1122 3112 1200 3186 qnod
1210 3103 1361 3196 nocemur

186 3232 239 3276 uos
262 3217 448 3281 reconciliare
473 3216 575 3306 fratri,
605 3215 782 3276 Occisiouem
805 3222 901 3278 autem
922 3218 1029 3292 ajebat
1041 3233 1078 3276 cx
1099 3218 1192 3278 tribus
1214 3222 1360 3283 radicibus

185 3325 273 3399 nesci,
290 3341 326 3384 ex
340 3328 441 3399 aperta
456 3325 514 3400 ira,
530 3323 618 3384 animi
631 3311 752 3406 mucore
767 3329 798 3383 et
810 3324 907 3385 verbis
919 3323 1007 3384 tecite
1020 3324 1146 3383 animum
1160 3331 1291 3387 nocuum
1305 3300 1357 3387 sti·

183 3430 358 3494 molentibus
374 3436 428 3490 etc.
451 3430 533 3489 Dixit
546 3445 659 3504 quoque
674 3428 745 3502 quid
759 3427 856 3489 fatuus
870 3430 901 3489 iu
912 3431 1056 3505 scriptura
1069 3409 1220 3507 significet,
1233 3413 1270 3492 'et
1281 3433 1360 3508 quod

185 3519 238 3611 per
252 3535 352 3594 Racha
373 3550 457 3595 omne
479 3513 599 3595 verboru
620 3534 802 3606 criminosum
830 3534 992 3596 denotetur.
1044 3534 1085 3593 Et
1102 3533 1149 3594 hic
1168 3538 1359 3611 movitque·

185 3641 320 3713 stioneru,
341 3655 380 3698 an
394 3638 506 3698 nemini·
520 3638 607 3696 liceat
621 3619 774 3712 objurgare
789 3633 909 3698 irenem
923 3644 973 3724 aut
986 3639 1087 3700 Mola
1099 3640 1143 3701 illi
1158 3641 1262 3702 dicere.
1300 3644 1358 3703 Rc·

185 3744 315 3819 spondit,
325 3825 329 3832 r
338 3746 462 3815 quatuor
476 3757 584 3816 genera
597 3741 743 3803 homiuum
757 3741 805 3802 hic
819 3745 926 3819 excipi,
942 3745 1046 3818 quibus
1058 3744 1158 3806 liceat:
1177 3748 1360 3826 magistratui

185 3829 308 3907 seculari
317 3848 385 3921 jure
404 3851 434 3906 et
447 3845 543 3921 gbdio
564 3831 620 3907 sibi
638 3849 803 3922 commisso,
826 3849 999 3910 aclesiastis
1021 3867 1074 3926 per
1094 3851 1229 3927 verbnm,
1252 3868 1357 3927 paren·

184 3952 260 4013 tibus
276 3957 305 4012 et
320 3951 442 4014 dominis
456 3953 487 4012 in
499 3953 605 4014 liberos
617 3959 647 4013 et
658 3969 758 4014 servos
777 3959 806 4014 et
815 3953 1022 4030 ludimagistris
1037 3955 1100 4017 'suis
1110 3954 1225 4018 finibus.
1249 3958 1360 4016 Tenen
1381 3949 1385 3953 ’

183 4057 257 4118 iram
272 4063 302 4117 et
315 4059 405 4120 verba
418 4060 481 4120 heo
495 4059 726 4133 circumscripsit,
741 4074 780 4120 ne
794 4076 830 4120 ex
842 4060 931 4120 animi
943 4061 1061 4135 proprio
1074 4068 1164 4137 motu,
1178 4061 1231 4122 sed
1246 4078 1283 4120 ex
1295 4061 1359 4120 zelo

184 4145 259 4222 bono
275 4169 305 4222 et
316 4165 400 4239 iuxta
414 4166 594 4226 vocationem
606 4163 699 4226 lieret.
737 4164 895 4228 Admonuit
912 4166 1045 4244 insuper,
1067 4173 1101 4227 ut
1115 4168 1141 4226 si
1159 4167 1196 4227 ab
1215 4165 1359 4240 aliquibus

183 4266 338 4342 aliquando
351 4268 414 4346 loesi
428 4285 481 4331 nos
495 4271 534 4331 ad
548 4269 790 4331 reconciliandum
801 4287 869 4331 curu
883 4272 925 4330 eis
940 4270 1040 4331 faciles
1053 4250 1258 4348 praeberemus.

219 4459 222 4466 ἱ
256 4385 258 4390 ’
272 4373 383 4440 Eadem
396 4375 633 4460 consuntionem
646 4377 864 4439 universitatum
876 4377 1172 4452 wittenbergensium·
1183 4381 1214 4437 et
1227 4377 1358 4451 Lypseu·

181 4471 394 4556 attulerimus
414 4484 445 4542 et
464 4495 528 4542 een
546 4481 629 4544 uobis
651 4481 775 4544 deuubi
792 4481 964 4546 caraunus.
1000 4483 1077 4545 Hinc
1095 4461 1224 4544 tineuda
1242 4481 1360 4541 videtur
