3017 5225
763 447 816 512 96,

198 637 256 705 tur,
279 637 384 690 utnon
398 632 490 691 solum
505 633 598 704 ipsum
618 634 783 690 excusatum
803 627 920 710 habere,
944 626 995 686 sed
1014 622 1147 688 amicitiae
1168 641 1292 700 quaque
1308 614 1371 684 dfi-

197 739 244 796 cie
258 741 397 810 praestare
410 737 453 803 illi
467 736 562 795 vellet
593 734 651 795 Sed
665 736 729 807 quis
744 734 877 807 credidit,
894 735 935 792 ait
950 735 1102 809 propheta,
1123 734 1239 794 auditui·
1250 730 1370 792 uestro?
1489 765 1490 824 r

243 889 247 892 .
286 842 397 901 Eadem
411 839 585 915 medardum,
609 857 693 913 quem
708 857 726 899 a
741 838 936 898 Viermunden
956 853 1089 912 emeram,
1106 855 1166 912 -prc
1192 841 1230 896 12
1250 835 1371 896 thaleris

198 945 324 1004 vendidi.
444 990 447 998 .
1181 1001 1183 1008 γ

288 1050 345 1123 xvij
360 1050 433 1122 Maii
449 1051 618 1118 Leonardus
632 1051 784 1126 intemplo
805 1051 950 1112 Miserum
970 1050 1076 1125 popule
1096 1038 1305 1108 confessionem
1316 1023 1371 1118 ¹pu-

197 1155 300 1214 blicam
315 1155 408 1228 primo
422 1155 563 1228 prelegit,
579 1163 610 1215 ct
623 1155 726 1215 deinde
744 1157 806 1214 hac
824 1156 913 1214 verba
932 1149 1045 1228 excep.
1061 1152 1200 1212 Actorum
1219 1156 1245 1210 1.
1266 1148 1370 1208 «Cum
1490 1183 1491 1190 κ

122 1261 125 1266 ’
199 1275 255 1331 que
270 1266 366 1319 essent
380 1258 482 1318 defixis
495 1259 526 1318 in
545 1260 658 1331 caelum¹
669 1261 768 1333 oculis,
792 1265 878 1318 eunte
896 1259 955 1332 illo,
979 1274 1045 1317 ecce
1064 1257 1119 1318 viri
1140 1257 1196 1317 duo
1217 1257 1372 1324 astiterunt

198 1364 267 1438 illis,
291 1365 388 1423 amicti
409 1362 536 1423 vestibus
555 1364 644 1438 albis,
668 1367 718 1438 qui
737 1370 767 1424 et
786 1365 931 1424 dixerunt:
961 1363 1024 1420 Viri
1045 1360 1173 1434 Gaiilaei,
1197 1359 1266 1433 quid
1288 1359 1371 1418 statis
1491 1377 1492 1414 l

198 1469 342 1528 intuentes
362 1469 393 1526 in
413 1467 537 1527 coelnm?
574 1469 630 1526 Hic
650 1470 737 1528 lesus
758 1471 807 1542 qni
827 1473 990 1541 assumptus
1010 1471 1054 1538 est
1073 1482 1091 1525 a
1111 1466 1192 1525 aubis
1211 1465 1241 1522 in
1256 1464 1370 1538 coelum,

198 1573 241 1630 sic
254 1574 359 1646 veniet,
373 1572 528 1645 etquidem
543 1573 654 1633 vidistis
665 1589 734 1633 eum
746 1578 865 1636 euntem
879 1574 910 1630 in
925 1570 1048 1630 caelum«
1066 1574 1131 1643 etc,
1147 1569 1287 1628 recitavit.
1318 1567 1371 1626 His

198 1677 279 1735 lectis
302 1678 356 1736 ait:
381 1678 479 1751 Scitis,
507 1678 576 1749 quid
598 1678 629 1736 in
655 1679 840 1737 enarratione
866 1677 994 1736 historia
1015 1673 1198 1745 'ascensionis
1221 1673 1371 1732 dominicae

199 1781 261 1838 heri
284 1780 377 1840 adhuc
401 1764 611 1840 addicendum
630 1782 773 1854 reliquum
793 1780 893 1856 fuerit,
918 1782 1051 1840 mmirum
1071 1779 1106 1838 de
1128 1779 1197 1852 hoc,
1222 1778 1300 1849 quod
1320 1776 1369 1835 do·

199 1886 291 1943 minus
306 1890 404 1944 nostm
418 1887 503 1945 Jesus
519 1881 648 1945 Christus
663 1886 764 1946 sedeat
778 1886 816 1946 ad
832 1887 979 1946 dexteram
993 1886 1049 1945 Dei
1063 1885 1165 1959 patris.
1202 1881 1302 1956 Sedet,
1326 1882 1370 1938 in-

200 1991 271 2064 quit,
287 2007 345 2050 non
358 1996 391 2050 ut
405 2007 481 2065 papa
495 1992 594 2050 Βοωω
609 1992 704 2051 omnia
717 1991 877 2066 praecipere
892 1992 1009 2064 otiosus,
1034 1990 1086 2049 sed
1105 1985 1187 2047 sedet
1201 1984 1371 2044 'illic-verus

201 2095 271 2166 daus
289 2096 432 2169 ethome,
455 2112 580 2170 regnans
598 2111 661 2154 cum
682 2101 766 2170 patre
786 2097 890 2170 aeqnali
909 2096 1039 2170 potentia
1057 2093 1224 2166 imperitans
1245 2090 1369 2150 coelesti-

199 2200 261 2282 bus,
285 2201 428 2262 exaltatus
447 2218 534 2274 super
549 2201 703 2261 Ohcrubim
717 2206 747 2260 et
767 2201 926 2274 Seraphim,
951 2200 1151 2260 dominationis
1165 2201 1196 2256 et
1209 2196 1371 2271 potcstatis,

189 2304 251 2364 ”rex
271 2322 390 2379 qnoque
405 2312 548 2369 terrarum
567 2312 598 2363 et
619 2306 827 2364 immundorum
851 2304 1030 2365 inferiorum:
1044 2284 1203 2378 spirituum.
1243 2298 1372 2368 Admihi7

198 2415 272 2471 suat
286 2414 382 2468 autem
397 2423 517 2483 regnum
536 2425 618 2468 suum
641 2410 803 2484 dupliciter.
841 2411 982 2470 Devastat
1002 2423 1100 2468 omnes
1120 2407 1236 2480 impios,
1260 2421 1312 2464 nec
1327 2410 1371 2462 est

199 2513 275 2585 qnod
290 2513 440 2604 quisquam
455 2515 482 2571 ei
496 2513 632 2574 resistcre
647 2514 750 2586 valcat,
775 2513 886 2574 etiamsi
906 2513 1037 2600 undiqpe'
1052 2511 1172 2596 dammis
1192 2511 1250 2579 suis
1273 2514 1303 2568 et
1316 2525 1369 2566 um
1387 2578 1390 2582 ¹

199 2618 244 2677 dis
263 2619 379 2690 tyranni
394 2617 522 2680 saeviant.
554 2618 628 2678 Nam
644 2636 701 2692 quo
722 2620 821 2679 durius
841 2621 990 2693 premitur,
1014 2620 1069 2679 hoc
1088 2620 1175 2679 latius
1195 2616 1371 2692 praedicetur

199 2723 379 2796 evangelium
399 2730 429 2783 et
447 2725 606 2798 evulgatur.
637 2724 775 2799 dhegnas
796 2725 842 2783 hic
863 2726 1021 2785 orationem
1043 2725 1071 2783 d.
1088 2725 1169 2783 Petri
1183 2722 1214 2790 ijn
1228 2724 1370 2781 conventu

198 2815 454 2902 Hierosolymitani
469 2836 594 2902 senatus,
617 2830 758 2889 Actorum
773 2832 800 2889 5.
822 2836 851 2889 et
871 2830 1016 2894 detestans
1035 2846 1150 2900 enorme
1170 2826 1281 2896 lacinus
1302 2840 1369 2886 con·

179 2934 256 2994 cilil
277 2931 505 2993 Constantianus
525 2934 556 2991 in
577 2934 720 2993 loannem
743 2935 830 3007 Huss,
855 2935 903 3006 qni
924 2933 1148 3009 prophetaverat
1162 2938 1235 3005 ¹post
1257 2936 1370 2990 centum

198 3053 289 3105 sunus
304 3036 368 3096 Deo
383 3042 413 3096 et
425 3038 481 3097 sibi
495 3038 579 3110 hanes
595 3036 725 3097 maleficii
740 3014 880 3103 rationem
900 3038 1084 3098 reddendam.
1117 3039 1234 3111 Regnat
1248 3052 1371 3109 ,queque

199 3142 329 3203 christm
344 3143 374 3200 in
388 3142 456 3215 suis,
481 3158 530 3209 ees
548 3143 580 3200 in
599 3141 796 3201 misericordia
815 3144 982 3217 corripiens,
1006 3141 1171 3203 confortans
1192 3148 1222 3201 et
1240 3144 1271 3201 in
1293 3142 1369 3215 peri·

198 3233 271 3307 culis
284 3253 457 3329 ermenteus.
488 3248 569 3321 Item,
593 3246 793 3321 exscriptoris
813 3248 977 3307 testimonia
995 3248 1123 3322 adduxit,
1148 3248 1226 3321 quod
1244 3249 1274 3318 in
1294 3262 1369 3319 sym·

198 3353 265 3413 bolo
283 3336 397 3426 dicitur,
421 3353 622 3413 ascendentem
641 3353 679 3413 ad
698 3354 802 3427 coelos,
826 3352 971 3413 sedentem
991 3330 1197 3413 adud'extcram
1217 3354 1317 3429 patris,
1342 3357 1371 3411 et

199 3458 276 3532 quod
289 3459 427 3517 Actorum
444 3462 461 3516 7
478 3459 641 3536 Stephanus
653 3463 853 3541 protomartyr·
868 3459 921 3519 ait:
944 3459 1028 3534 Ecce,
1051 3460 1135 3519 video
1151 3456 1239 3518 coelos
1250 3461 1370 3531 apertos

199 3568 230 3621 et
248 3561 339 3621 lilium
360 3562 482 3627 hominis
502 3558 626 3621 sedem
648 3580 666 3625 a
688 3562 796 3621 dextris
818 3563 884 3621 Ilei.
922 3565 994 3623 Item
1014 3564 1050 3623 dc
1069 3571 1191 3641 utraque
1211 3562 1284 3623 dixit
1306 3578 1370 3621 sen·

166 3712 170 3718 ,
198 3667 302 3736 tentia,
323 3683 408 3738 quam
426 3666 557 3724 dominus
572 3666 657 3725 Jesus
671 3665 763 3742 judex
782 3668 911 3726 vivorum
927 3672 957 3726 et
970 3674 1148 3735 mortuorum
1167 3668 1371 3727 laturus'esset

191 3780 285 3841 super
304 3770 399 3828 hircos
421 3775 452 3827 et
472 3769 580 3843 hedes,
602 3770 704 3842 impios
725 3775 756 3828 et
777 3769 892 3833 electos.
914 3773 1068 3845 ‘Quomem
1084 3789 1156 3835 ,vero
1176 3772 1215 3832 ob
1233 3770 1370 3845 temporis

199 3875 349 3947 penuriam
369 3874 446 3933 ultra
468 3871 605 3948 progredi
625 3888 683 3931 non
696 3878 823 3947 poterat,
840 3870 876 3934 'id
891 3877 968 3948 qued
982 3856 1154 3951 praelegerat
1167 3878 1198 3935 in
1214 3876 1369 3935 crastinum

197 3978 380 4037 tractandum
398 3978 523 4051 reliquit.
552 3978 663 4037 Deinde
682 3978 810 4059 collecte,
822 3980 967 4043 dominica
982 3984 1112 4045 oratmne
1123 3968 1370 4045 ‹et-benedictione

198 4077 301 4166 claudi
315 4085 480 4143 concionem
495 4090 524 4152 st
538 4085 685 4145 ecclesiam
701 4085 816 4147 dimisit.
838 4162 840 4165 Ι
997 4076 1015 4153 ,’

254 4230 259 4237 ,
286 4187 405 4247 Eadem
418 4190 561 4263 Vulphile
587 4189 766 4253 Brabantino
789 4191 936 4267 disputata
962 4196 1096 4269 colloquii
1123 4190 1294 4253 Ratisbonae'
1318 4207 1371 4266 per

198 4292 341 4354 Bucemm
353 4294 499 4369 descripta
511 4296 550 4355 ad
564 4296 689 4366 Nellium
702 4276 878 4370 perferenda
894 4276 1024 4359 'dedimus
1043 4280 1081 4359 et'
1094 4298 1257 4359 catharine
1278 4296 1369 4355 Schil·

199 4397 270 4457 dern
291 4400 530 4472 precumlibrum
550 4401 767 4474 transmisimus,
791 4410 820 4462 et
839 4404 1003 4483 Hermanno
1025 4404 1211 4478 injunximus,
1232 4407 1265 4461 ut
1286 4396 1368 4459 lami·

198 4486 391 4565 liamamiciri
405 4513 528 4577 emeret.
559 4506 669 4568 Eadem
683 4506 793 4569 balneis
808 4511 853 4571 usi
867 4524 972 4569 sumus.
