3017 5225
731 379 798 448 lla

183 577 282 636 pones,
319 563 493 637 Veritatem,
509 563 618 637 inquit,
634 563 707 623 dion
737 563 857 622 Possem
872 563 995 638 obliquis
1011 561 1189 622 sermonibus
1204 566 1234 620 te
1248 559 1356 620 diutius

184 666 325 740 detinere,
341 667 500 741 sedquid?
523 667 568 726 Tu
583 669 697 728 interim
719 673 750 728 et
763 674 877 743 tempus
893 673 969 728 teres
985 672 1015 726 et
1029 667 1123 726 oleum
1138 673 1168 726 et
1182 681 1300 739 operam
1313 665 1356 727 la-

182 770 285 833 ciendo
300 773 459 847 sumptibus
474 771 588 847 perdes.
627 772 817 847 Cogitandurn
841 773 931 848 igitur
945 771 1017 846 tibi,
1032 779 1064 830 nt
1079 757 1287 845 quamprimum
1301 772 1354 828 im·

182 880 345 947 peratorem
359 877 535 936 reconcilies.
573 879 650 952 Ego
661 883 758 938 autem
781 878 867 937 tertio
887 877 965 950 quod
979 877 1100 936 antehac
1114 877 1184 950 petii
1207 875 1355 948 urgebam,

183 982 299 1054 praesuli
313 999 366 1057 per
379 982 524 1041 evidentia
539 989 707 1057 argumenta
728 970 929 1043 demonstrans
951 999 1005 1042 nec
1019 980 1157 1042 ditionem
1171 997 1225 1041 nec
1239 983 1292 1039 res'
1303 979 1354 1040 do·

181 1087 313 1144 mastices
336 1087 374 1146 ad
393 1088 479 1146 talem
499 1104 636 1148 summam
655 1089 867 1162 congerendam
890 1085 959 1146 mihi
981 1085 1122 1160 sufficere,
1147 1087 1215 1158 quin
1237 1086 1356 1157 insuper

181 1191 251 1247 mihi
266 1191 357 1264 magis
370 1192 473 1265 religio
488 1189 572 1266 foret,
589 1193 613 1251 si
628 1193 729 1252 casani
744 1209 808 1262 eam
824 1208 960 1252 summam
976 1192 1110 1252 daturum
1125 1207 1170 1249 me
1185 1191 1353 1264 reciperem,

182 1311 247 1354 cum
262 1313 321 1356 non
335 1303 411 1357 esset
425 1298 528 1356 virium
542 1313 687 1373 mearum,
709 1301 848 1373 majorem
870 1298 985 1357 oaemris
1006 1297 1079 1356 iram
1093 1296 1124 1362 in
1138 1311 1183 1354 me
1197 1295 1353 1367 concitme,

182 1401 250 1473 quia
265 1401 402 1462 solvendo
418 1418 475 1460 non
491 1404 545 1461 sim
560 1409 614 1462 etc.
639 1403 697 1463 Sed
710 1404 756 1463 his
771 1401 876 1462 auditis
891 1401 998 1487 praesul
1012 1401 1073 1460 aits
1092 1400 1157 1459 Jam
1172 1397 1284 1473 pridem
1299 1396 1353 1454 tibi

181 1504 311 1579 dixi,·ut
324 1523 356 1565 se
377 1523 425 1565 res
444 1508 567 1582 habent,
592 1510 664 1568 nihil
683 1523 799 1582 possum
818 1506 948 1581 amplius.
986 1504 1094 1565 Videns
1113 1505 1202 1578 igitur
1222 1500 1354 1560 Eubulus

181 1604 389 1690 conclamatum
412 1629 485 1686 esse,
509 1614 618 1687 Nequit
638 1616 727 1689 igitur
747 1613 834 1674 aliter
849 1609 936 1671 fieri?
957 1611 1030 1670 dixit
1044 1609 1255 1668 Atrebateusis:
1278 1606 1351 1694 Pro·

182 1713 266 1788 fecto,
283 1718 391 1788 nequit.
415 1717 489 1776 Tum
503 1715 646 1778 Eubulus:
669 1720 748 1793 Ergo
763 1703 827 1778 Deo
843 1717 934 1802 pmuis
955 1731 1042 1776 causa
1057 1714 1267 1798 committenda.
1298 1711 1354 1797 Ast

183 1835 236 1893 ego
252 1819 413 1880 destructus
429 1838 491 1880 snm
507 1828 536 1882 et
551 1824 633 1897 quasi
648 1823 685 1882 ad
700 1823 912 1882 mendicitatem
926 1822 1052 1896 redigor.
1077 1819 1231 1891 Condoleo,
1248 1818 1351 1891 inquit,

181 1923 408 2008 tibi-presulari
422 1928 526 1986 animo.
555 1928 633 1986 Etsi
648 1928 717 2001 quid
731 1932 875 2001 praeterea
889 1925 1054 2000 potuissem,
1071 1929 1204 1999 prorupta
1218 1922 1352 1982 voluntas

181 2041 252 2103 erga
266 2035 296 2088 te
310 2047 375 2090 mea
389 2048 447 2091 non
462 2031 562 2092 deluit.
590 2034 656 2106 Ipse
672 2034 747 2092 enim
763 2047 848 2106 quam
863 2031 915 2090 tibi
930 2046 1090 2105 propensus
1105 2027 1218 2103 fuerim,
1240 2027 1350 2100 vidisti3

181 2134 276 2197 omnia
291 2153 428 2210 namque,
450 2154 515 2211 quae
534 2155 610 2198 nnnc
624 2155 643 2198 a
657 2155 703 2198 me
717 2139 780 2212 ipse
803 2142 835 2197 tu
858 2136 1007 2210 audivisti,
1032 2133 1131 2195 eadem
1146 2134 1233 2192 ethis
1248 2119 1358 2192 similia

180 2225 243 2298 beri
257 2234 346 2320 nobili
366 2243 415 2302 isti
433 2242 614 2319 (existimans
635 2244 787 2303 Liberium-
803 2242 907 2300 existo
928 2239 1074 2299 hominum
1090 2234 1287 2326 genereusse)
1302 2253 1349 2296 re·

179 2345 242 2403 tuli.
281 2347 476 2420 Interroganti
497 2349 584 2422 igitur
604 2350 713 2423 ipsum,
729 2347 800 2422 quid
816 2348 852 2408 dc
867 2345 1070 2420 capitulatione
1084 2342 1211 2403 futurum
1227 2328 1273 2417 sit,
1298 2343 1349 2416 ait,

180 2450 328 2509 conscribe
351 2451 419 2509 mibi
440 2440 641 2525 obligationem
660 2458 690 2511 et
704 2445 792 2526 ocyus
811 2453 864 2512 tibi
884 2451 1118 2542 capitulationem
1132 2449 1255 2510 tradam
1294 2447 1352 2507 Sed

179 2571 244 2614 cnm
268 2555 393 2616 dicerem
411 2572 456 2616 me
480 2558 596 2617 modum
615 2557 882 2643 conscribendarum
902 2556 1005 2617 harum
1024 2555 1147 2629 nescire,
1169 2555 1231 2629 ipse
1243 2554 1352 2627 praesul

180 2658 300 2720 formam
315 2662 458 2744 quandam
481 2644 543 2736 ejus
558 2662 657 2736 scripti
680 2662 833 2723 referebat.
871 2662 983 2737 Rogavi
997 2661 1095 2735 igitur,
1111 2666 1143 2718 ut
1157 2677 1209 2735 per
1224 2665 1349 2747 secreta·

179 2767 259 2828 rium,
268 2783 351 2824 suum
366 2783 428 2826 eam
444 2768 512 2827 mibi
526 2768 666 2827 conscribi
682 2751 876 2842 permitteret]
893 2767 1018 2841 Negavit
1031 2765 1061 2825 id
1076 2764 1140 2825 fieri
1154 2780 1247 2839 posse,
1280 2764 1351 2823 Cum

179 2883 249 2929 vero
262 2888 389 2931 mensem
402 2873 511 2932 Judium
525 2873 677 2932 terminum
697 2874 736 2931 ad
758 2872 904 2931 dimidium
927 2888 1044 2931 summae
1064 2869 1247 2945 pendendum
1262 2870 1351 2929 nomi·

180 2981 272 3049 naret,
289 2980 319 3034 et
333 2991 386 3050 ego
402 2977 525 3035 dicerem
535 2977 565 3037 id
579 2977 904 3052 perimpossibilitetem
918 2975 982 3035 fieri
998 2985 1163 3050 nonposse,
1181 2975 1253 3035 dixit
1260 2992 1271 3031 ε-
1290 2964 1351 3033 Des

179 3081 271 3153 primo
286 3086 411 3153 quatuor
425 3081 524 3140 millia
562 3083 601 3140 Et
614 3087 802 3155 posteaquam
820 3081 887 3142 hino
901 3087 989 3155 atque
1008 3082 1076 3140 hinc
1090 3096 1236 3141 sermones
1251 3084 1350 3139 centu·

179 3185 320 3261 lissemns,
337 3187 453 3249 tandem
469 3188 570 3263 inquit,
586 3187 622 3247 de
636 3187 767 3263 terminis
782 3189 807 3247 si
823 3188 974 3261 quidboni
990 3180 1216 3265 agere'possum,
1233 3202 1350 3258 operam

179 3308 271 3351 meam
285 3294 339 3353 tibi
353 3296 506 3369 pollicitor.
542 3296 582 3354 Et
595 3295 657 3353 baec
671 3296 734 3367 ejus
746 3290 853 3353 fabulae
868 3293 1050 3366 catastrophe
1066 3296 1138 3367 erat,
1154 3292 1222 3351 licet
1235 3307 1283 3349 res
1298 3291 1350 3348 mi·

179 3397 253 3458 nime
268 3397 400 3459 fabulosa
414 3401 460 3458 sit.
484 3401 628 3474 Episcopo
643 3401 732 3478 igitur
739 3399 848 3473 gratias
858 3400 905 3473 egi
919 3414 964 3457 me
979 3398 1035 3473 ipsi
1048 3398 1086 3457 ad
1100 3396 1196 3457 officia
1205 3395 1351 3456 orama

267 3504 411 3563 Reversus
426 3504 464 3563 ad
479 3505 633 3579 hospitium
658 3506 768 3566 comitis
791 3503 945 3577 Willrelmi,
967 3508 1135 3563 narraturus
1151 3519 1216 3575 quae
1238 3503 1348 3561 evenis·

179 3612 251 3680 sent,
268 3593 412 3682 contendi,
426 3624 526 3683 gerum
540 3610 565 3667 is
579 3608 666 3668 domo
679 3610 789 3684 aberat.
813 3608 931 3669 Glasero
947 3613 1051 3688 autem,
1065 3609 1113 3682 qui
1128 3606 1189 3667 fere
1203 3606 1349 3673 incudem

178 3712 276 3783 platea
289 3711 477 3796 mansitabat,
501 3713 690 3787 injunximus,
711 3717 744 3771 ut
763 3716 800 3774 ad
823 3716 965 3775 seniorem
982 3714 1018 3775 de
1031 3713 1223 3789 Hendeberg,
1246 3728 1303 3787 quo
1318 3713 1350 3771 iu

186 3806 256 3877 ‘tatu
271 3833 319 3875 res
333 3822 443 3876 nostrae
458 3824 562 3893 essent,
578 3820 780 3892 perscriberet.
858 3878 860 3883 ,
1026 3830 1028 3833 ·

268 3921 407 3981 Comitem
422 3922 606 3988 Wilhelmum
624 3923 702 3997 apud
725 3924 924 3985 (boloniensem
945 3927 1106 4001 reperiens,
1129 3924 1197 3983 hnic
1210 3940 1272 3982 rem
1284 3938 1347 4005 om·

179 4044 245 4088 nem
260 4029 446 4103 narravimus,
462 4034 598 4115 rogantes
613 4033 646 4088 ut
660 4028 775 4088 audiret
789 4048 807 4090 a
822 4030 1001 4105 Coloniense,
1022 4046 1090 4088 num
1104 4024 1161 4103 pro
1173 4027 1256 4087 nobis
1270 4027 1349 4102 apud

178 4134 396 4194 Atrebatensem
411 4136 591 4199 intercedere
605 4136 694 4195 vellet
706 4153 760 4195 nec
774 4151 820 4193 ne.
845 4134 930 4209 Quod
945 4140 977 4193 ut
991 4126 1084 4193 comes
1097 4133 1221 4208 iecisset,
1237 4135 1347 4207 episco-

177 4256 232 4313 pus
247 4239 405 4313 respondit,
420 4240 497 4298 inter
512 4239 573 4299 dies
588 4255 689 4300 novem
705 4246 757 4299 aut
772 4240 871 4300 decem
883 4240 930 4313 de'
940 4225 985 4299 bis
999 4240 1071 4300 nihil
1085 4238 1149 4299 fieri
1164 4254 1272 4314 posse·
1335 4280 1338 4287 -

267 4344 370 4404 Pransi
379 4363 475 4405 sumus
487 4348 551 4403 o'um
560 4347 703 4419 episcopo,
719 4346 768 4405 ubi
781 4347 903 4405 aderant
911 4358 1005 4404 comes
1016 4320 1186 4405 Wilhelmus
1192 4343 1347 4415 a'Nasseu,

179 4448 346 4510 Wilbelmus
355 4459 380 4509 'a
394 4450 595 4530 Witgensteiu,
612 4449 680 4510 Otto
694 4466 715 4509 a
728 4450 912 4526 Sohomberg,
937 4451 1036 4512 doctor
1046 4430 1188 4511 Henrious
1201 4447 1347 4509 Haseato.
