3017 5225
676 513 680 520 ,
776 407 823 507 to

212 628 305 689 silium
314 627 391 687 iuter
399 640 489 703 opera
498 624 762 701 supererogationis
770 626 989 685 annumeratum
1001 628 1031 684 et
1044 622 1175 686 omnibus
1188 612 1391 686 uniuersaliter

212 737 388 809 praeeeptnm
402 748 475 808 esse,
491 749 550 792 non
564 730 633 791 solis
645 732 691 807 iis,
706 731 799 805 quise
812 730 979 791 claustrales
993 735 1106 791 vdent
1137 730 1291 807 Adduoens
1310 732 1390 792 testi·

212 840 339 900 monium
354 854 391 898 ex
410 854 473 914 cap.
492 840 510 897 b
530 836 678 896 Matthaei:
704 835 860 911 «Quisquis
880 841 976 895 autem
998 835 1149 909 oeoiderit,
1172 834 1314 896 obnoxius
1336 837 1390 895 erit

209 944 339 1019 judicio«
357 950 410 1005 ete.
448 944 521 1004 Item
535 942 631 1009 Deum
645 946 758 1018 patrem
772 941 941 1002 assimilavit
961 942 1040 1016 patri
1060 938 1189 1015 tamdia,
1213 944 1264 1016 qui
1282 942 1390 1021 babens

213 1028 303 1111 filium
318 1050 364 1110 rel
379 1048 476 1125 tiliam,
494 1048 542 1123 qui
558 1047 605 1108 vel
620 1040 718 1121 queen
732 1054 818 1124 patre
832 1053 977 1123 praesepta
991 1046 1144 1120 moeperit,
1155 1037 1191 1106 ¹et
1204 1051 1301 1133 tamen
1316 1063 1389 1121 prm
1488 1027 1489 1036 ἵ

214 1157 305 1231 oeptis
318 1155 397 1215 hisee
412 1170 470 1214 uon
483 1153 632 1227 obedierit,
655 1154 702 1212 bio
720 1159 843 1229 putrem,
866 1151 978 1212 etiamsi
996 1152 1222 1219 tenereiiberos
1241 1154 1390 1233 amaverit,

206 1267 383 1339 nontamen
399 1260 495 1318 statim
510 1274 576 1319 eum
590 1258 646 1319 illis
661 1258 893 1319 abblenditurnm
908 1270 981 1331 esse,
994 1256 1046 1316 sed
1056 1254 1135 1316 'sorte
1150 1257 1306 1317 dicturum:
1326 1256 1391 1315 «En

214 1366 277 1427 uso
298 1364 352 1425 tros
373 1365 512 1439 pressos,
536 1364 588 1423 ssu
610 1369 643 1423 su
664 1356 808 1439 porrioa'ai
828 1364 939 1423 cerua
960 1360 1124 1436 remmus
1158 1339 1231 1423 uuus
1251 1362 1342 1437 spem
1360 1367 1392 1421 ut

214 1473 303 1531 alium
313 1476 347 1531 te
361 1486 455 1547 geras.
486 1468 570 1543 Quod
584 1469 615 1528 ni
629 1466 690 1542 fiat,
705 1468 786 1528 haud
799 1472 830 1527 te
843 1465 896 1526 diii
908 1468 974 1528 looo
993 1468 1144 1547 habiturus
1165 1484 1238 1527 sum.
1269 1468 1391 1542 Insuper

215 1562 312 1649 adam,
336 1574 393 1635 uisi
413 1574 579 1649 resipueris,
603 1573 854 1635 exhereditaturus
875 1588 948 1636 sum.
986 1572 1037 1633 Sin
1058 1587 1128 1633 vero
1149 1578 1179 1632 te
1198 1573 1337 1648 gesseris,
1360 1578 1393 1632 ut

215 1680 387 1755 morigerum
401 1679 479 1754 patri
491 1676 583 1739 filium
591 1675 689 1754 decet,
714 1694 768 1753 ego
782 1694 897 1754 quoque
912 1676 1017 1738 affeetu
1030 1682 1153 1751 paterno
1166 1680 1197 1737 te
1210 1683 1244 1738 ut
1257 1662 1392 1737 dileutum

215 1783 305 1845 filiunt
317 1785 363 1845 vei
373 1782 461 1845 filiam
471 1777 653 1860 prosequar«
667 1788 721 1843 etc.
744 1784 778 1844 Si
791 1784 838 1843 hie
852 1784 899 1844 vei
913 1783 963 1842 illa
978 1783 1066 1842 vitam
1079 1783 1111 1841 iu
1125 1783 1225 1843 melius
1239 1783 1393 1843 mutaverit

215 1894 246 1951 et
260 1888 337 1966 patui
346 1890 478 1971 ,debitam
493 1888 684 1950 obedientiam
698 1890 875 1964 praetiterit,
891 1888 1122 1963 benigniasinum
1135 1893 1249 1961 patrem
1263 1888 1392 1961 experie

213 2000 272 2057 tur.
285 2074 289 2081 .
303 1996 349 2056 Ita
364 2001 395 2055 et
408 1994 499 2069 nobis,
523 1994 624 2069 iuquit,
648 1993 769 2056 aoeidet.
800 1994 832 2054 Si
846 1994 976 2069 quotidie
988 1992 1108 2053 verbum
1127 1993 1322 2069 benignissimi
1337 2009 1393 2053 oee-

215 2102 296 2163 iestis
317 2102 409 2177 patris
431 2100 523 2161 noemi
543 2100 736 2161 audiverimus
759 2104 788 2159 et
809 2105 906 2161 tamen
927 2099 1056 2173 quotidie
1079 2100 1162 2159 nobis
1183 2099 1254 2173 ipsis
1278 2100 1392 2175 pejores

156 2185 160 2193 ⁴
213 2208 362 2269 reddimur
375 2208 406 2267 et
415 2206 506 2280 patris
518 2206 591 2265 iram
602 2210 632 2265 et
644 2183 905 2265 exheredationem
918 2206 1108 2265 incurremus.
1132 2206 1183 2265 Sin
1194 2218 1267 2265 uero
1281 2216 1320 2263 ex
1332 2208 1393 2264 toto

214 2312 302 2373 eorde
316 2310 453 2371 mndata
467 2311 530 2385 eius
552 2311 702 2383 exsequuti
724 2308 876 2385 drerimus,
899 2311 962 2385 ipse
981 2324 1096 2385 quoque
1113 2311 1188 2369 mam
1206 2325 1288 2369 suam
1309 2324 1393 2370 reso

215 2423 333 2479 naturus
355 2420 399 2475 est
418 2419 473 2474 eto.
501 2414 574 2475 Item
589 2414 717 2475 ostendit
730 2419 846 2489 quoque
861 2430 898 2475 ex
911 2431 974 2490 oap.
993 2417 1011 2475 5
1027 2416 1169 2490 Maabm,
1186 2430 1271 2489 quam
1284 2414 1393 2476 uulnus

215 2518 331 2583 tandem
345 2534 516 2593 meaeamur,
540 2520 565 2579 si
585 2522 697 2579 motum
719 2521 817 2580 amieis
837 2527 868 2582 et
881 2521 963 2600 nobis
978 2518 1223 2604 beneiatieutibus
1237 2520 1318 2607 bene
1326 2536 1391 2594 pre·

216 2640 316 2690 mmur
335 2630 387 2688 ant
406 2624 534 2687 unimus.
570 2624 655 2701 Nam,
678 2626 782 2702 inquit,
803 2631 938 2688 naturam
959 2632 990 2686 et
1008 2633 1136 2687 mutuam
1156 2626 1312 2685 amieitiam
1332 2627 1391 2685 axi-

216 2747 295 2810 gere,
317 2735 348 2792 et
362 2747 380 2791 a
394 2731 571 2806 sapientibus
587 2730 708 2792 ethnieis
722 2732 876 2806 probatum
891 2748 1006 2808 quoque
1019 2733 1057 2792 iri
1071 2739 1102 2792 et
1116 2731 1310 2808 permarinum
1324 2745 1391 2805 pro-

217 2837 362 2899 uerbium:
386 2837 517 2898 Freuudt
530 2839 603 2899 uber
617 2836 665 2895 eiu
679 2837 770 2913 Zaun,
784 2834 902 2899 ireundt
915 2837 1093 2898 widderumb
1107 2837 1243 2911 heruber,
1256 2841 1391 2909 testatur.

217 2940 275 3007 Sed
289 2945 366 3008 hosti
380 2948 410 3004 et
424 2946 608 3020 persequenti
627 2959 680 3005 uos
701 2943 855 3004 benevolos
877 2959 941 3004 esse
961 2949 992 3004 et
1013 2945 1049 3007 de
1070 2944 1173 3006 nouem
1195 2942 1272 3004 bona
1287 2944 1391 3018 opteri,

191 3061 194 3066 '
215 3051 304 3127 idque
319 3065 355 3110 ex
369 3051 464 3127 annuo
479 3056 630 3126 prestare,
647 3051 722 3110 huuc
735 3049 938 3125 laborem,hoo
949 3068 1022 3126 opus
1034 3067 1106 3111 esse.
1130 3048 1286 3129 Proterens
1298 3063 1392 3108 exem·

215 3156 422 3234 plum-demini
440 3157 591 3217 salvatoris
607 3157 785 3218 nostridesu
799 3155 915 3231 Christi,
939 3158 990 3232 qui
1008 3159 1041 3216 in
1059 3171 1143 3216 mnae
1158 3156 1293 3216 distentis
1307 3169 1393 3214 mem-

216 3263 277 3325 bris
291 3264 419 3339 pendens
434 3279 488 3340 pro
503 3260 736 3338 crucifigentibus
751 3278 839 3323 orans
859 3261 955 3321 dixit:-
969 3263 1087 3335 «Pater,
1103 3263 1220 3336 ignosce
1235 3261 1302 3335 iilis,
1325 3261 1394 3335 qnia

204 3371 358 3444 ··neseinut,
367 3369 443 3456 =quid
457 3366 597 3429 iaciunt«
619 3369 693 3428 Item
708 3356 850 3444 Stephani
864 3362 1095 3442 protomartyris,
1111 3368 1161 3442 qni
1175 3368 1237 3440 jam
1250 3367 1393 3442 lapidibus

217 3491 331 3552 quoque
345 3476 453 3550 petitus
468 3474 606 3534 oraberit:
626 3471 768 3533 «Domine
777 3460 860 3548 deso,
876 3489 912 3533 ne
928 3456 984 3532 illis
999 3453 1109 3532 statues
1122 3473 1177 3541 boe
1190 3474 1221 3533 in
1235 3459 1392 3549 peceatum,

217 3582 286 3658 quia
298 3580 439 3654 nesciunt,
449 3579 520 3654 quid
529 3578 670 3640 fatiunt«
695 3579 753 3639 Sed
764 3575 840 3638 forte
852 3577 949 3639 uiuere
962 3593 1075 3654 posses:
1090 3577 1136 3639 nt
1151 3577 1318 3638 adversario
1332 3579 1394 3655 sine

215 3687 294 3747 omui
308 3699 405 3759 eausa,
429 3686 600 3759 proterius
620 3689 650 3744 et
669 3695 783 3758 aequum
803 3700 863 3743 non
882 3684 975 3743 solum
993 3681 1099 3744 damno
1120 3688 1151 3744 et
1164 3685 1275 3760 maguis
1290 3701 1393 3760 oppro-

216 3789 287 3870 briis
302 3787 422 3878 affatim
436 3797 509 3862 sum,
533 3788 584 3848 sed
605 3789 723 3863 iusuper
742 3789 813 3848 mihi
833 3805 886 3850 uae
905 3803 1030 3865 unquam
1050 3806 1115 3850 eum
1127 3790 1267 3850 honorem
1281 3789 1393 3866 detulit,

215 3901 249 3957 nt
270 3894 349 3971 apud
370 3876 416 3954 me
438 3907 544 3954 nouem
569 3909 651 3954 suam
679 3892 893 3970 deprecaretur.
931 3894 1092 3970 Donamus,
1120 3896 1228 3971 iuquit,
1256 3896 1298 3956 sic
1319 3908 1393 3956 esse.

215 4001 324 4061 Verum
343 4012 408 4071 eum
427 4000 541 4062 noveris
555 3999 748 4060 mouentium
765 4000 872 4062 domim
887 4007 917 4062 et
935 4001 1039 4077 quibus
1060 4002 1188 4076 probris,
1211 4001 1394 4076 blasphemiis

215 4105 410 4180 eoniioiisque
431 4107 457 4165 is
479 4105 516 4166 ab
536 4107 632 4181 impiis
652 4104 770 4166 affectus
791 4104 880 4167 fuerit
900 4106 939 4185 (si
959 4105 1044 4165 modo
1065 4106 1238 4166 summanus
1253 4107 1395 4168 nominari

217 4207 301 4288 ralis)
315 4210 562 4288 respectuOhsn'sti
577 4212 742 4274 adversario
757 4217 808 4274 tuo
821 4213 928 4286 omnia,
943 4213 1092 4286 irrogatos
1107 4213 1204 4286 edam,
1220 4211 1311 4286 gratis
1325 4227 1393 4273 eon·

153 4329 158 4334 ·
218 4317 338 4392 donare,
362 4299 540 4392 potissimum
561 4319 638 4394 quod
657 4325 687 4379 et
705 4321 813 4397 probra
833 4317 997 4393 attribues,
1019 4304 1092 4392 quos
1111 4307 1179 4377 tulit
1197 4315 1340 4391 cbristus,
1362 4322 1396 4377 tu

221 4423 283 4499 peti
297 4422 448 4496 debueras,
467 4426 575 4484 moeris
590 4429 660 4491 oto,
674 4424 737 4484 Neo
750 4425 827 4497 enim
840 4423 937 4498 magui
950 4422 1111 4484 ducendum
1125 4429 1178 4496 est,
1201 4423 1321 4498 proprio
1337 4433 1396 4483 sere

163 4521 165 4526 ’
225 4528 330 4592 attans
345 4526 498 4603 edifieare,
521 4532 619 4607 templs¹
639 4531 766 4606 parietes
786 4528 940 4598 adornare,
963 4529 1010 4588 vet
1027 4527 1073 4588 bis
1091 4530 1203 4604 majora
1221 4540 1335 4603 quoque
1352 4520 1396 4588 ia·
