3017 5225
756 418 807 483 38

197 602 301 662 animis
316 598 352 661 ad
373 601 520 665 coelestem
538 600 660 674 patrium
680 600 778 661 redire
797 600 953 675 cupiamus,
977 605 1010 659 ut
1028 597 1145 692 taudem
1162 606 1231 661 rere
1253 614 1272 660 a
1292 599 1374 659 malo

196 705 359 767 liberemur.
395 707 515 771 Interim
535 722 635 765 carnes
655 720 735 766 meas
753 707 857 765 timore
876 706 920 765 tui
937 701 1058 777 mutire,
1080 706 1153 765 mibi
1169 703 1313 779 murium
1330 706 1374 763 sis

196 819 227 873 et
240 813 341 871 virtus.
372 812 446 871 Nam
465 812 598 871 nonnisi
617 812 648 869 in
662 810 858 871 misericordia
872 816 924 869 tua
938 810 1029 869 virtus
1041 824 1107 869 mea
1121 810 1260 874 consistit.
1285 808 1371 869 (lou-

196 918 267 978 cede
288 918 370 989 mibi,
395 922 424 976 et
444 916 551 990 populo
571 921 622 975 tuo
642 920 672 975 et
692 914 789 974 domui
807 931 879 975 mere
899 917 941 975 ita
958 923 1093 991 praesse,
1115 921 1149 974 nt
1166 930 1265 973 omnes
1287 919 1372 973 actus

197 1023 289 1083 nostri
310 1022 410 1095 gloriae
434 1026 501 1079 tua¹
517 1021 653 1081 serviant.
691 1019 755 1079 Tibi
775 1036 838 1079 cam
859 1018 919 1079 filio
940 1027 990 1079 tuo
1010 1018 1194 1079 dilectissim
1214 1035 1274 1077 una
1294 1024 1370 1077 ets.

196 1115 299 1201 spiritu
314 1127 488 1200 sempiterna
503 1125 541 1183 sit
555 1124 648 1197 gloria
663 1130 692 1183 et
707 1125 798 1187 bonos
813 1126 960 1186 incuncta
971 1125 1068 1188 secula
1080 1124 1251 1184 seculorum.
1266 1123 1370 1185 Amen

285 1231 316 1305 iij
332 1230 404 1303 blaji
424 1228 452 1287 d.
474 1229 658 1289 Leonardum
673 1245 709 1289 ex
722 1212 792 1304 'cap
811 1232 852 1289 28
867 1229 1002 1290 Mattboei
1021 1230 1238 1290 concionantem
1252 1228 1371 1287 'audivi-

196 1352 259 1395 mus
282 1335 450 1411 superhaec
471 1335 574 1394 verba:
600 1333 670 1406 Qua
693 1348 756 1393 euru
771 1334 923 1407 abiissent,
946 1349 1012 1393 ecce
1030 1334 1148 1407 quidam
1166 1350 1184 1393 e
1203 1333 1372 1395 custodibus

196 1446 338 1503 venerunt
359 1442 390 1499 iu
412 1440 556 1499 dritamm
580 1454 615 1498 ac
642 1426 852 1499 mundaverunt
872 1439 1048 1513 principibus
1069 1437 1253 1499 sacerdotum
1274 1439 1374 1497 omnia

197 1556 262 1621 quae
278 1545 452 1618 acciderant,
477 1550 507 1603 et
529 1544 706 1617 congregati·
718 1558 783 1601 cum
804 1542 980 1618 senioribus,
998 1544 1124 1603 coasilio
1146 1544 1259 1615 habito,
1281 1557 1371 1617 pecu·

196 1640 274 1711 niam
293 1650 439 1723 copiosam
455 1648 598 1709 dederuut
612 1648 763 1722 militibus,
780 1650 929 1711 dicentes:
952 1647 1047 1708 Dicite
1069 1648 1147 1721 quod
1162 1647 1294 1720 discipuli
1308 1647 1373 1720 ejus

196 1759 280 1815 nocte
301 1754 433 1813 venerint
454 1759 484 1812 et
503 1751 593 1813 furati
611 1754 668 1813 sint
690 1770 754 1813 eum
774 1755 856 1815 vobis
877 1753 1097 1814 desudantibus·
1123 1752 1163 1812 Et
1181 1752 1276 1813 si.boc
1289 1752 1373 1813 audi-

196 1864 257 1919 tum
272 1855 360 1919 luerit
374 1858 426 1918 sub
441 1856 575 1933 praeside,
599 1875 650 1919 uos
666 1859 902 1933 persuadebimus
923 1860 950 1917 ei
970 1865 1000 1918 et
1020 1872 1136 1924 mounes
1156 1873 1208 1917 vos
1222 1855 1370 1917 memus.

195 1962 236 2023 At
250 1963 292 2023 illi
306 1968 424 2035 accepta
439 1944 560 2037 pecunia
575 1961 706 2023 lecerunt
720 1966 794 2023 sicut
807 1968 892 2025 eraut
912 1960 1016 2035 edocti,
1040 1963 1069 2021 et
1089 1960 1251 2033 divulgatus
1267 1966 1311 2021 est
1324 1962 1373 2019 bic

197 2084 292 2129 sermo
319 2066 397 2144 apud
423 2067 542 2128 ludaeos
564 2085 655 2143 usque
678 2070 709 2128 in
735 2069 906 2129 hodiernum
926 2066 1010 2127 diem.
1049 2065 1160 2140 Primo,
1186 2065 1293 2139 inquit,
1317 2082 1370 2124 au-

196 2173 289 2248 distis,
306 2179 339 2233 ut
353 2172 454 2233 scribae
466 2180 496 2233 et
502 2172 642 2236 Pharisaei
657 2179 686 2233 et
701 2175 828 2233 seniores
843 2173 978 2233 excecati
992 2188 1027 2231 ac
1039 2171 1121 2230 rabie
1138 2176 1168 2230 et
1181 2169 1291 2229 invidia
1302 2185 1370 2244 per-

197 2280 247 2339 citi
266 2277 379 2338 Gbrbto
401 2278 516 2337 domino
537 2295 595 2339 nou
615 2279 708 2337 solum
727 2279 911 2351 restiterunt,
934 2275 1094 2338 sedetiam
1115 2276 1210 2349 ipsum
1231 2275 1373 2335 traditum

198 2383 294 2443 Pilato
312 2383 390 2441 cruci
411 2380 491 2455 alfigi
511 2387 658 2443 amarunt.
695 2382 758 2440 Nec
776 2383 831 2441 boc
849 2398 949 2441 eornm
967 2380 1033 2441 odio
1052 2385 1083 2439 et
1101 2374 1216 2439 invidiae
1235 2385 1281 2441 sat
1296 2387 1370 2454 erat,

199 2488 267 2559 quin
288 2486 452 2559 etiam·jsm
468 2475 614 2547 'mortuum
634 2485 789 2545 mendaciis
809 2493 933 2547 onerant
953 2491 983 2546 et
1004 2490 1163 2548 commeato
1184 2482 1303 2545 confido
1322 2501 1370 2544 se·

198 2590 348 2666 pulchrum
366 2589 551 2664 obsignantes
570 2589 701 2653 custodes
720 2590 813 2653 eidem
832 2590 998 2653 adhibuere.
1036 2591 1261 2665 Benignasimus
1274 2594 1373 2652 autem

194 2682 277 2768 'Deus
293 2700 391 2755 noster
410 2695 496 2754 Jesus
516 2695 646 2757 Christus
666 2713 719 2771 per
739 2699 835 2759 omnia
854 2713 954 2757 eorum
969 2697 1097 2756 'salutm
1116 2711 1249 2770 quarens
1263 2696 1370 2770 glorio-

198 2815 258 2860 sam
273 2802 513 2862 resurrectiouem
532 2818 614 2862 suam
632 2817 691 2862 uon
712 2818 766 2878 per
780 2803 945 2876 discipulos,
970 2818 1030 2862 non
1048 2819 1103 2877 per
1120 2802 1302 2862 mulierculas
1320 2780 1373 2872 aut

198 2919 251 2980 per
265 2904 404 2979 homines,
427 2921 499 2978 quos
513 2905 601 2966 sullam
615 2907 653 2966 ob
670 2921 786 2966 oausam
807 2901 954 2982 suspectos
974 2907 1081 2974 babere
1100 2913 1228 2981 possent,
1250 2905 1304 2965 sed
1316 2920 1372 2980 per

198 3027 262 3086 eos,
276 3026 359 3084 Ιιιιιοι
377 3012 433 3086 ipsi
454 3027 506 3069 suo
526 3025 584 3068 aere
596 3010 642 3070 'ad
660 3011 804 3086 sepulchri
823 3012 981 3085 custodiam
1000 3011 1206 3086 conduxerant,
1229 3011 1301 3084 ipsis
1320 3027 1372 3069 an·

200 3117 330 3179 nunciari
349 3117 447 3176 voluit.
486 3117 594 3176 Verum
614 3132 667 3176 nec
686 3115 741 3175 hoc
761 3114 900 3178 beneficio
920 3132 969 3177 eos
980 3131 1115 3191 ¹(lneque,
1136 3120 1170 3173 ut
1189 3116 1290 3174 salutm
1310 3130 1371 3173 suae

198 3222 340 3282 rationem
359 3207 465 3282 babere
484 3221 637 3296 voluerint,
658 3221 807 3299 adducere
826 3223 932 3295 potuit,
955 3223 1026 3293 quin
1044 3223 1163 3295 insuper
1180 3221 1274 3295 ipsam
1294 3219 1370 3278 vari·

190 3332 287 3386 “tatem
300 3327 454 3389 mendaciis
470 3309 500 3386 et
513 3328 715 3401 largitionibus
730 3327 853 3386 obruere
866 3327 964 3386 conati
982 3332 1057 3384 sunt.
1087 3325 1136 3385 Ad
1153 3311 1210 3384 boc
1223 3329 1254 3383 et
1267 3316 1371 3399 priori·

198 3431 251 3493 bus
272 3433 353 3492 malis
373 3434 569 3492 excusationes
583 3434 615 3492 iu
634 3433 759 3506 peccatis
774 3430 923 3506 addentes,
945 3431 1082 3490 militibus
1102 3429 1237 3504 polliciti,
1260 3430 1372 3489 saillis

198 3554 298 3612 pacem
312 3517 390 3611 apbd
404 3523 555 3611 praesulem
569 3538 615 3596 vel
629 3539 725 3611 potius
740 3537 880 3596 socordia
891 3541 929 3596 >et
940 3537 1082 3596 mendacii
1092 3536 1291 3610 impunitatem
1301 3549 1370 3622 pro·

199 3647 358 3702 curaturos.
389 3639 522 3700 Ostendit
536 3647 631 3700 autem
645 3641 692 3699 bic
706 3641 885 3700 ecclesiastes
899 3657 954 3714 per
967 3641 1078 3714 aliquot
1092 3645 1269 3714 argumenta,
1284 3656 1372 3712 quem

199 3761 257 3806 non
278 3745 389 3806 Judaeis
411 3747 441 3804 in
461 3750 585 3804 mentem
606 3748 720 3804 venerit
741 3745 848 3804 veteris
868 3744 1028 3820 proverbii,
1051 3746 1217 3806 mendacem
1235 3750 1371 3819 oportere

199 3865 261 3910 esse
275 3862 438 3923 memorem,
463 3855 492 3908 et
510 3847 586 3908 beno
605 3850 718 3908 unicam
736 3849 879 3909 mendacii
897 3851 1071 3922 mercedem,
1095 3856 1129 3910 ut
1147 3849 1284 3928 quicquid
1303 3850 1372 3910 mali

199 3955 267 4015 iude
281 3955 437 4027 contingat,
461 3954 596 4028 inipsius
611 3954 774 4013 mentientis
788 3960 876 4028 caput
888 3954 1008 4028 resiliat,
1030 3962 1065 4014 ut
1078 3971 1146 4013 uere
1162 3955 1219 4014 illis
1234 3955 1373 4014 acciderit

194 4061 279 4133 juxta
293 4059 435 4118 Davidem
449 4057 632 4132 prophetam:
648 4059 772 4118 Mentitc
787 4063 832 4116 est
845 4060 981 4132 iniquitas
994 4060 1060 4144 sibi
1090 4060 1192 4130 Itaque
1206 4059 1373 4118 mentiendo

198 4162 362 4237 effecerunt,
386 4167 419 4221 ut
439 4163 530 4222 omnis
550 4163 720 4246 perditionis
735 4179 834 4222 eorum
847 4165 933 4239 culpa
946 4180 1005 4223 uon
1017 4167 1048 4238 in
1064 4164 1210 4224 innoxium
1224 4163 1372 4223 dominum

198 4269 308 4340 desum,
319 4267 370 4326 sed
384 4269 415 4326 in
427 4255 564 4343 ipsosmet
577 4269 721 4329 redundet
736 4274 790 4327 etc.
822 4270 966 4342 Similiter,
983 4271 1085 4342 iuquit,
1101 4269 1218 4328 etDeus
1233 4284 1304 4341 erga
1314 4285 1372 4354 *nos

198 4373 368 4446 longanimis
383 4377 436 4446 est,
451 4371 521 4432 'nou'
533 4375 630 4434 statim
645 4374 750 4434 delicta
765 4378 865 4433 nostre
879 4375 970 4448 punit.
1000 4375 1055 4433 Ast
1073 4390 1157 4432 nemo
1176 4373 1231 4433 boc
1249 4371 1373 4431 ferocias

191 4481 249 4538 ¹aut
267 4477 645 4552 impoemteospcrmeneat.
677 4479 707 4564 Si
727 4480 802 4537 enim
822 4479 863 4548 sic
880 4481 1049 4553 periremus,
1066 4495 1132 4536 non
1150 4477 1224 4551 Dec,
1248 4478 1298 4551 (lui
1317 4493 1372 4538 nos
1393 4524 1396 4529 ,
