3017 5225
699 465 804 530 ess
877 555 878 560 Ν

174 630 226 708 'vel
248 644 403 722 supercilia
426 645 538 728 erigere
569 642 722 720 debebant,
751 645 863 704 etiami
889 651 1036 721 praecepta
1062 643 1169 714 Christi
1195 648 1352 720 servarent,

175 753 262 826 juxta
276 751 363 810 illud:
386 749 457 808 Cum
473 747 601 808 feceritis
619 751 715 808 omnia
734 765 798 823 quae
813 735 956 810 debuistis
977 749 1085 824 iacere,
1108 750 1194 810 dicite
1214 753 1290 812 serui
1309 753 1353 811 in·

179 857 267 916 utiles
283 862 390 914 sumus.
420 855 496 913 Esto
509 854 583 912 enim
598 853 675 926 quod
688 854 777 911 simus
791 855 874 913 amici
883 835 1037 914 ¹etiratres
1054 855 1168 929 Christi,
1184 862 1281 915 tanim
1295 870 1354 915 non

179 977 278 1019 sumus
293 965 397 1020 natura
411 957 480 1045 filii,
497 958 570 1016 sicut
583 959 608 1015 is
624 959 676 1032 eit,
701 959 751 1030 qui
766 964 810 1016 est
824 960 1029 1046 primogenitus
1044 959 1129 1032 patri,
1149 975 1250 1017 uerum
1264 957 1353 1034 adop·

179 1064 242 1122 ticii
255 1077 361 1148 sumus.
392 1061 472 1120 Deus
488 1062 603 1134 quinos
619 1062 704 1120 ducet
718 1078 772 1134 pro
791 1061 867 1137 filiis,
891 1065 916 1122 si
932 1063 1038 1128 Christi
1058 1069 1202 1136 praecepta
1222 1064 1355 1123 observa·

179 1185 253 1247 mus,
278 1169 302 1226 si
317 1171 403 1225 noctu
423 1167 529 1241 diuque
549 1167 580 1224 ih
598 1166 653 1224 hoc
672 1153 766 1239 ipsum
785 1159 931 1242 instemus,
955 1167 1036 1250 nobis
1056 1172 1151 1226 autem
1169 1165 1214 1224 his
1235 1183 1292 1224 non
1313 1168 1355 1224 ite

181 1271 372 1344 blandiamur,
396 1277 438 1343 ut,
461 1271 562 1329 relicto
576 1269 666 1327 verbo
681 1277 711 1329 et
724 1267 893 1329 intermissis
909 1271 1061 1345 praeceptis
1076 1269 1190 1344 Christi,
1214 1269 1282 1329 belli
1302 1287 1353 1328 no·

179 1372 226 1434 bis
246 1365 558 1446 homines'vitieamur,
581 1376 615 1431 ut
635 1374 696 1431 hoec
717 1368 952 1434 christianissime
975 1379 1004 1434 et
1025 1375 1185 1436 doctissime
1206 1374 1354 1432 Musonius

133 1548 138 1554 ¹
180 1481 368 1538 concionatus
389 1482 506 1537 estete.
542 1477 590 1536 Ad
609 1478 686 1537 idern
706 1480 828 1552 exempli
848 1480 979 1538 hortatus
999 1484 1043 1537 cst
1062 1494 1175 1552 quoque
1194 1493 1305 1552 servos,
1329 1477 1354 1537 ri

181 1599 240 1658 qua
254 1583 384 1643 dominos
400 1566 607 1641 commodiores
622 1583 700 1641 nacti
713 1581 830 1656 inerint,
855 1585 902 1656 qui
918 1583 1029 1664 eospio
1045 1581 1138 1642 animo
1159 1587 1293 1653 tractent,
1317 1597 1354 1641 ne

146 1685 150 1691 “
179 1704 248 1746 mox
272 1703 307 1746 ex
328 1687 382 1745 hoc
404 1670 572 1759 superbiant
593 1687 773 1758 saginatione
793 1687 986 1772 recalcitrent.
1032 1686 1253 1757 Item‘dominos
1272 1687 1356 1759 iuxta

166 1775 356 1867 preceptum
378 1791 468 1849 Pauli
485 1791 617 1850 hortatus
639 1795 697 1862 e'st,
721 1806 759 1848 ne
781 1792 871 1849 servis
894 1796 927 1849 ut
947 1793 1033 1850 mutis
1056 1791 1205 1864 mancipiis
1226 1794 1353 1862 utantur,

179 1897 234 1956 aad
248 1895 430 1954 meminerint
443 1899 473 1952 et
492 1886 523 1975 se
544 1893 687 1953 dominum
707 1896 737 1951 in
758 1897 838 1953 coelis
858 1895 975 1954 habere.
1005 1896 1078 1954 item
1098 1897 1194 1953 niultis
1210 1895 1246 1955 de
1259 1911 1295 1953 eo
1311 1892 1353 1953 di·

181 2001 235 2073 xit,
248 1999 337 2072 ,quod
352 1999 431 2057 Deus
446 1999 500 2057 ait:
526 1999 582 2070 Qui
597 2015 696 2058 servus
705 1986 769 2057 ‘non
784 1999 846 2072 scit,
871 1998 944 2070 quid
954 1996 1040 2057 faciet
1055 1999 1184 2058 domiuus
1199 1999 1270 2070 eius.
1300 1997 1355 2054 Hic

171 2111 288 2162 ‘munus
299 2101 376 2176 frugi
390 2104 468 2161 serui
482 2119 545 2162 esse
560 2082 719 2177 descripsit,
742 2099 868 2160 fideliter
882 2103 952 2160 hero
968 2117 1019 2158 suo
1034 2103 1183 2174 inservire,
1203 2101 1354 2174 praeceptis
1445 2113 1447 2118 ’

179 2208 243 2280 eius
259 2207 385 2280 obedire,
409 2223 468 2267 non
483 2184 626 2267 curiosum
645 2223 707 2265 esse
727 2211 784 2265 nec'
802 2205 870 2280 quid
890 2207 1019 2264 dominus
1040 2221 1107 2264 suus
1127 2210 1195 2276 aget
1208 2203 1355 2274 inquirere

180 2315 236 2370 etc.
267 2310 431 2368 Amicorum
445 2315 542 2370 autem
556 2311 642 2384 longe
655 2311 742 2369 eliam
758 2327 821 2368 esse
835 2311 987 2376 rationem.
1005 2351 1006 2355 ,
1018 2309 1093 2366 Nam
1111 2309 1213 2381 horum
1234 2309 1355 2365 interest

180 2406 259 2475 tacta
272 2407 427 2475 amicorum
442 2417 516 2474 seire
532 2420 585 2475 ete.
617 2415 688 2475 Item
705 2415 754 2487 qui
768 2412 821 2472 fiat
834 2419 867 2471 ut
882 2413 1012 2472 Christus
1034 2409 1151 2478 dixerit:
1173 2412 1276 2472 Omnia
1290 2425 1354 2483 quae

180 2519 278 2579 audivi
293 2536 311 2578 n
324 2504 408 2593 petre
423 2535 497 2593 meo,
520 2519 692 2578 annunciaui
710 2519 813 2592 vobis,
824 2533 888 2576 cum
909 2520 1044 2592 scripturn
1063 2519 1104 2577 sit¹
1115 2519 1209 2592 ipsum
1227 2505 1293 2590 post
1306 2531 1353 2574 re·

180 2626 387 2686 surrectionem
403 2624 549 2700 discipulis
564 2625 716 2706 aperuisse
728 2639 852 2696 sensum,
876 2626 909 2680 ut
927 2628 1116 2695 agnoscerent
1135 2622 1301 2695 scripturas,
1326 2624 1357 2678 et

180 2727 305 2788 antehae
319 2713 410 2787 etiam
422 2728 539 2793 dixerit:
562 2728 687 2801 Spiritus
706 2726 756 2785 ille
772 2722 940 2800 paracletus
952 2726 1065 2785 docebit
1084 2742 1135 2783 uos
1150 2712 1245 2789 omnia
1260 2728 1289 2782 et
1303 2740 1354 2784 vos

145 2842 150 2845 ’
180 2833 212 2890 iu
227 2839 338 2891 omnem
351 2811 502 2891 veritatem
520 2810 645 2890 inducet.
683 2830 768 2916 Hunc
787 2830 893 2890 nodum
911 2830 954 2889 ita
974 2830 1112 2903 dissolvit,
1137 2828 1282 2887 dominum
1297 2842 1355 2887 non

181 2937 278 2993 omnia
300 2936 447 3010 aperuisse
471 2935 631 3009 discipulis,
656 2936 708 2995 sed
726 2931 764 2993 ea'
784 2932 937 3010 duntaxat,
962 2934 1102 3008 quasillis
1124 2928 1295 3001 sufficientis
1316 2930 1355 2990 ad

180 3038 304 3099 salutem
319 3022 416 3099 essent
430 3044 460 3097 et
478 3044 688 3097 concernerent
704 3030 880 3098 voluntatem
899 3040 1005 3113 patris,
1029 3039 1066 3097 de
1085 3038 1284 3111 internetione
1302 3034 1355 3101 filii

181 3148 212 3202 et
226 3140 425 3217 redemptione
444 3144 544 3201 salutis
565 3149 622 3202 etc·
650 3142 805 3219 Apostolos
825 3135 939 3217 quoque
960 3158 1016 3199 non
1039 3144 1133 3199 omnia
1151 3142 1279 3214 scivisse,
1303 3139 1355 3199 sed

182 3262 219 3306 ea
234 3243 437 3332 quae‘adqopus
451 3247 658 3319 redemptionis
676 3244 814 3306 facerent.
853 3246 929 3303 Nam
949 3262 1012 3303 cum
1032 3245 1252 3315 interrogarent,
1263 3244 1353 3303 domi·

182 3368 264 3424 num:
287 3352 364 3410 Num
383 3353 414 3409 in
432 3350 635 3437 temporalhoc
654 3350 788 3407 restitues
807 3364 928 3421 reguum
950 3346 1059 3409 lsrael?
1082 3361 1251 3419 responsum
1273 3362 1353 3405 ecce·

181 3461 301 3529 parunt:
323 3456 392 3514 Non
406 3460 450 3514 est
464 3461 591 3514 vestrum
607 3437 691 3511 nosse
705 3456 818 3525 tempus
834 3459 862 3511 ct
877 3452 1013 3515 articulos
1028 3444 1196 3522 temporum.
1226 3427 1354 3509 Annota·

181 3549 226 3617 vit
238 3553 268 3618 et
280 3540 328 3617 hic
342 3560 379 3619 de
393 3560 494 3619 morbo
505 3553 687 3617 'curiositatis
707 3556 848 3631 humanae,
873 3552 937 3630 quae
956 3555 1017 3615 fere
1036 3553 1166 3613 omnibus
1184 3554 1354 3613 mortalibus

182 3663 221 3722 sit
242 3664 404 3737 peculiaris,
426 3664 495 3737 quia
513 3663 592 3735 quod
612 3677 647 3720 ea
667 3678 789 3735 quorum
803 3663 925 3719 interest
939 3644 1039 3720 nostra
1053 3660 1126 3717 scire
1141 3660 1353 3740 contemnimus

183 3772 213 3825 et
226 3768 332 3841 omnia,
357 3784 422 3840 quae
441 3782 530 3841 supra
549 3782 602 3827 nos
622 3771 697 3839 suut,
720 3766 843 3841 maxime
862 3766 935 3824 scire
958 3780 1074 3855 avemus
1090 3765 1136 3822 vel
1156 3763 1233 3823 avidi
1244 3780 1353 3836 sumus,

68 3866 78 3869 ’
182 3872 261 3944 quod
276 3863 470 3960 etadiscipulis
491 3856 598 3929 domini
609 3866 758 3948 *accidisse
772 3869 905 3942 dicebat,
930 3870 979 3941 qui
998 3884 1100 3941 parum
1119 3867 1233 3926 solliciti
1253 3868 1289 3925 de
1308 3867 1352 3941 iis,

182 3985 247 4049 quae
260 3974 399 4035 dominus
420 3976 572 4050 docuerat,
602 3974 814 4033 contentionem
837 3973 873 4031 de
894 3974 1020 4047 primatu
1041 3972 1168 4045 subiere,
1193 3976 1354 4044 quaerentes

180 4071 313 4154 intense,
337 4083 469 4153 quisnam
483 4081 514 4137 in
527 4093 616 4153 regno
632 4079 768 4139 coelorum
787 4078 879 4167 major
888 4058 1013 4135 -iuturus
1034 4076 1080 4134 sit.
1108 4074 1174 4133 ‘Sed
1193 4076 1355 4134 retulerunt

181 4184 214 4243 hi
226 4181 433 4256 responsuma
452 4169 663 4257 domincum
684 4183 754 4241 satis
775 4174 873 4239 eorum
894 4180 1074 4239 ambitiosam
1094 4168 1287 4239 curiositatem
1306 4196 1353 4238 re-

108 4353 111 4357 ,
182 4288 335 4362 dargutem
349 4293 471 4347 constat.
502 4288 541 4345 Et
554 4291 620 4361 post
633 4288 725 4346 multa
744 4287 799 4345 hac
818 4286 954 4345 coronide
974 4282 1138 4343 concionem
1159 4270 1269 4342 cluusit.
1300 4283 1353 4340 Ni·

42 4398 45 4405 “
165 4388 224 4450 ‘hil
238 4408 301 4451 esse
315 4391 460 4452 nudiusse
475 4392 601 4464 verbum,
625 4392 770 4450 nisiintus
786 4390 925 4450 inanimo
941 4390 1057 4461 spiritus
1073 4388 1206 4461 srgratia
1226 4385 1353 4459 auditum

128 4500 130 4504 ’
181 4501 296 4574 vegetet
318 4502 348 4555 et
368 4494 472 4556 foveat.
494 4529 500 4532 „
510 4494 640 4555 Adduxit
661 4502 690 4553 et
713 4482 872 4568 exemplum
896 4493 1022 4566 deiparae
1045 4492 1177 4565 virginis,
1203 4506 1266 4563 quse
1290 4498 1353 4547 cum
