3017 5225
809 427 872 492 ιω

255 629 323 674 cere
337 612 448 686 aliquid
461 611 561 685 possit,
576 607 626 668 illi
639 607 791 670 subvenire
805 609 904 668 velint.
943 606 1091 665 Praterea
1110 621 1175 679 qua
1193 605 1323 666 adhunc
1336 622 1433 680 usque

253 717 329 776 rhem
348 713 469 776 inferior
483 711 634 774 Pannonia
647 713 778 774 aancis
793 726 930 787 perpessa
945 713 992 785 sit,
1008 727 1121 770 ecesse
1136 711 1308 786 hujusmodl,
1324 716 1357 770 nt
1372 712 1432 770 uisi

254 822 403 882 anchona
425 820 590 893 gemonias
603 819 750 893 suppetias
765 819 879 893 habeat,
903 818 1023 892 posthac
1038 818 1172 876 sustineri
1187 822 1340 890 nequeant.
1369 817 1432 878 ssd

254 927 387 986 Austrios
402 927 480 1001 ipsos
494 926 622 984 crastino
637 939 753 982 cansam
767 941 848 982 suam
863 923 941 996 apud
956 927 1049 982 status
1064 923 1175 996 imperii
1190 923 1381 996 exposituros.

343 1031 460 1092 Interim
483 1029 554 1089 illud
577 1029 614 1090 ab
638 1029 853 1102 archiepiscopo
878 1027 1065 1102 Moguntino‚
1094 1025 1228 1100 videlicet
1255 1015 1429 1087 cancellario

243 1153 307 1211 ,per
320 1135 512 1210 Germaniam,
529 1132 720 1209 evulgandum
734 1134 848 1194 dicitur.
897 1112 907 1166 ss

343 1241 410 1300 Dux
425 1239 580 1298 Mauritius
602 1239 710 1298 elector
724 1240 762 1296 iu
784 1238 869 1298 domo
884 1237 1055 1310 Mcrquardi
1071 1254 1090 1297 a
1105 1235 1186 1298 Stein
1205 1217 1354 1310 praepositi
1367 1235 1429 1294 Au-

254 1348 377 1422 gustani,
393 1345 562 1418 Moguntini
577 1350 607 1403 et
619 1343 840 1418 Bamhergcusis
855 1344 1026 1417 hospitetur.
1143 1336 1146 1346 '

344 1449 405 1512 Sub
426 1451 591 1510 concionem
613 1447 702 1508 fiebat
722 1449 850 1508 delectus
869 1447 1012 1522 peditum,
1034 1447 1082 1520 qui
1106 1461 1163 1520 quo
1186 1445 1305 1521 propius
1319 1447 1429 1520 templo

255 1557 385 1616 Mauritii
399 1554 575 1616 accedebant
595 1555 682 1628 (istuc
700 1555 776 1612 euim
791 1553 847 1620 illis
867 1553 1098 1626 pratereundum
1112 1531 1185 1611 'erat
1198 1550 1360 1611 volentibus
1375 1569 1429 1626 per

254 1662 348 1722 forum
363 1659 486 1720 Castris
501 1656 758 1738 palatiumaadireb
783 1673 816 1716 eo
832 1655 935 1718 fortius
950 1664 1102 1732 tympanas
1117 1637 1318 1716 incutiebant„

343 1766 370 1824 A
386 1765 522 1825 concione
536 1763 701 1823 volebamus
714 1761 937 1826 atrebatensem
951 1763 1070 1838 alloqui,
1093 1779 1192 1822 verum
1212 1762 1346 1822 ostiarius
1362 1779 1428 1822 eum

255 1871 319 1930 heri
343 1871 396 1930 sub
418 1886 524 1930 uenam
546 1871 637 1928 noctis
658 1874 807 1943 vocatum,
832 1875 864 1929 ut
883 1867 938 1931 hoc
965 1883 1047 1926 mane
1068 1868 1262 1941 tempestivius
1283 1867 1429 1928 Gaesarem

255 1976 357 2050 adiret,
374 1976 478 2049 aiebat
492 1976 609 2048 jamque
624 1975 718 2049 ipsum
733 1973 848 2032 abiisse.
865 1968 867 1974 '
886 1974 958 2033 Post
971 1970 1027 2032 hoc
1036 1974 1185 2046 ¹palatium
1200 1973 1361 2032 archiducis
1376 1991 1428 2047 pe-

255 2084 348 2164 titum.
387 2082 459 2140 Illuc
473 2085 570 2141 autem
585 2079 678 2147 adhuc
692 2055 821 2138 silebant
833 2067 942 2152 omnia,
964 2084 993 2137 et
1013 2077 1153 2138 archidux
1167 2078 1271 2152 plumis
1286 2077 1427 2139 haerebat.

255 2187 412 2248 statuimus
427 2187 495 2246 dein
509 2186 635 2260 Viglium
650 2184 824 2243 Zuicheuum
840 2185 979 2257 invisere,
1002 2183 1039 2243 ad
1054 2187 1133 2259 cnjus
1154 2181 1348 2244 habitaculum
1364 2199 1429 2242 cum

170 2299 175 2302 '
254 2293 477 2366 perveniremus,
490 2292 602 2374 „doctor
616 2290 705 2350 Fisch
721 2305 784 2348 cum
807 2290 871 2364 ipso
886 2305 973 2362 super
987 2289 1110 2362 negotiis
1125 2291 1184 2348 suis
1200 2289 1427 2362 colloquebatur.

252 2397 349 2472 liujus
364 2398 452 2470 igitur
467 2395 575 2454 ahimm
590 2394 790 2466 prestolantes
805 2411 839 2453 cc
854 2391 1018 2468 confestim,
1029 2475 1031 2481 Ι
1044 2395 1093 2454 ubi
1111 2394 1158 2454 hic
1173 2393 1281 2469 abiret,
1302 2395 1428 2469 Viglium

254 2503 285 2561 in
299 2499 484 2560 hibernacula
499 2503 551 2558 suo
566 2500 757 2572 convenimus,
782 2499 824 2557 ilii
840 2504 1016 2572 exponentes
1032 2515 1097 2572 quae
1116 2499 1153 2559 ad
1167 2515 1282 2558 causam
1297 2505 1428 2560 nostram

163 2594 165 2603 ’
253 2606 391 2681 facerent,
408 2605 456 2678 qui
471 2605 565 2665 omnia
581 2603 694 2678 quidem
701 2605 845 2678 patienter
860 2603 978 2665 audivit.
989 2605 1096 2665 Verum
1112 2605 1153 2665 ait
1168 2620 1287 2664 causam
1298 2610 1429 2666 nostram

244 2714 285 2771 »iu
299 2712 420 2772 concilio
435 2709 549 2784 quidem
569 2711 710 2783 imperiali
722 2716 886 2770 tractatam
906 2717 968 2790 esse
984 2716 1014 2769 et
1028 2724 1062 2769 eo
1078 2702 1240 2785 deventum,
1256 2716 1289 2771 ut
1301 2709 1427 2771 Atreba-

254 2820 345 2877 tensis
368 2818 404 2878 de
418 2816 463 2875 his
479 2832 611 2875 caesarem
627 2817 771 2889 maiestati
787 2814 956 2875 relationem
975 2814 1071 2877 facere
1087 2816 1123 2874 sit
1135 2817 1242 2889 jussus.
1281 2814 1315 2876 Id
1331 2822 1429 2877 autem

253 2924 390 2983 hacteum
405 2922 442 2981 ab
457 2911 701 2980 Atrebatenseob
716 2921 835 2994 negocia
850 2922 962 2994 imperii
977 2898 1148 2997 Hispaniae,
1170 2927 1200 2980 et
1215 2922 1292 2997 quod
1307 2922 1345 2982 de
1360 2940 1426 2997 pro-

253 3010 551 3088 fectiouearchidacis
572 3028 633 3100 jam
648 3027 762 3085 solliciti
785 3027 856 3098 sint,
878 3030 907 3084 et
926 3027 1022 3085 nescio
1044 3042 1114 3101 quas
1136 3027 1318 3101 negociorum
1338 3028 1428 3088 moles

254 3115 452 3212 procurarent,
468 3130 537 3191 deri·
547 3148 605 3190 non
620 3133 756 3204 potuisse.
781 3128 873 3191 Facta
888 3134 932 3190 est
943 3136 972 3189 et
982 3146 1001 3189 a
1013 3131 1097 3192 nohis
1111 3133 1228 3207 mentio,
1245 3150 1313 3193 num
1327 3148 1427 3209 posse·

253 3256 316 3298 mus
331 3239 369 3298 ad
383 3243 496 3313 tempus
511 3237 628 3312 aliquod
645 3253 709 3295 cum
724 3218 820 3311 gratia
835 3234 954 3310 dimitti,
980 3236 1031 3296 sed
1055 3238 1085 3297 id
1100 3240 1214 3299 omuino
1230 3255 1288 3299 nou
1302 3236 1366 3299 fore
1380 3257 1427 3299 re·

253 3343 377 3419 spondit.
393 3342 483 3404 ¹Ilisrit
497 3358 611 3418 qnoque
627 3342 880 3403 archiducem-sibi
895 3343 970 3401 serio
985 3344 1150 3417 injunxisse,
1167 3362 1224 3419 quo
1235 3346 1301 3417 'ipse
1315 3346 1428 3420 Viglius

253 3450 332 3525 apud
347 3447 568 3509 resbacensem
583 3449 714 3522 instaret,
730 3454 764 3507 ut
777 3448 885 3507 Caesari
901 3464 987 3507 causa
1001 3454 1101 3508 nostra
1116 3444 1281 3523 referretur,
1299 3451 1427 3510 acAtre·

253 3555 402 3615 batensem
428 3552 484 3625 ipsi
510 3554 655 3612 Zuicheno
676 3552 844 3613 schedulam
868 3553 1028 3613 ostendisse
1057 3554 1086 3611 in
1108 3569 1166 3626 qua
1187 3556 1283 3613 multae
1305 3550 1427 3629 priv'atae

215 3700 219 3705 -
254 3674 348 3718 causae
362 3658 483 3730 signatae
506 3663 603 3715 esseut
617 3638 749 3715 caesarem
764 3660 909 3731 majestati
923 3656 1095 3732 referendae,
1122 3636 1249 3719 nondum
1263 3664 1360 3721 autem
1376 3678 1426 3740 op-

253 3763 461 3839 portunitatem
475 3762 620 3835 obtigisse,
637 3767 670 3820 ut
685 3762 722 3820 de
736 3762 781 3821 his
796 3778 860 3821 curn
876 3762 989 3823 casare
1004 3766 1050 3837 agi
1066 3769 1172 3839 posset.
1200 3765 1292 3840 Nam,¹
1301 3767 1344 3825 ait
1357 3766 1426 3839 Vig-

253 3870 317 3942 lius,
335 3866 433 3925 Caesar
447 3881 505 3924 nou
520 3870 564 3924 est
579 3866 621 3927 ita
635 3868 753 3941 otiosus,
770 3873 803 3926 ut
817 3872 874 3926 stet
889 3868 1032 3954 etflaudiat
1047 3870 1223 3941 privatarum
1237 3886 1335 3929 rerum
1351 3872 1427 3931 rala-

147 4014 151 4021 -
253 3974 370 4032 tionem.
409 3970 539 4045 Rogatus
553 3969 653 4046 igitur,
677 3978 710 4030 ut
724 3973 806 4032 uobis
822 3988 903 4041 suum
919 3974 1084 4051 consilium,
1106 3976 1298 4067 quiwposthoess
1312 3988 1361 4055 sss
1375 3992 1427 4050 gg.

253 4076 420 4153 gredtcnda
434 4083 539 4150 essent,
555 4078 760 4153 impartiretur,
785 4074 857 4137 diiir
872 4092 903 4135 se
919 4078 991 4137 nihil
1006 4081 1077 4138 certi
1094 4082 1176 4154 scire,
1192 4082 1290 4164 omnia
1305 4080 1382 4138 enim
1398 4096 1429 4139 se

252 4182 364 4256 fecisse,
379 4183 529 4241 consulere
551 4188 647 4242 autem
667 4189 701 4241 ut
719 4182 815 4257 exigui
837 4184 974 4255 temporis
994 4201 1076 4264 mora
1095 4186 1141 4243 hic
1156 4201 1213 4243 non
1227 4169 1427 4261 fatigaremur.

205 4302 208 4308 ·
254 4288 341 4359 Spem
360 4301 429 4345 esse·
447 4288 524 4345 iutra
547 4285 735 4359 paucosdies
760 4304 876 4347 causam
897 4293 1026 4347 nestram
1050 4290 1159 4364 peragi.
1199 4290 1237 4349 Se
1257 4308 1327 4351 vcro
1347 4296 1428 4351 certo

253 4392 338 4465 eche,
353 4368 574 4450 atrebatensem
587 4389 642 4449 hoc
656 4391 814 4451 meridiano
829 4397 958 4481 tempore
981 4394 1051 4452 nihil
1065 4392 1175 4455 referre
1191 4396 1328 4469 potuisse.
1367 4397 1427 4456 Ro·

253 4496 383 4571 garimus
398 4490 479 4567 inde,
500 4501 534 4555 ut
550 4496 617 4571 ,ipse
640 4495 718 4571 apud
737 4496 956 4567 atrebatensem
971 4515 1024 4573 pro
1046 4497 1129 4561 nobis
1144 4516 1232 4575 agere
1247 4500 1427 4576 dignaretur.
