3017 5225
750 415 815 482 118

190 602 263 661 alios
276 615 407 674 quaerere
421 604 530 674 praeter
545 613 594 658 eos
609 614 682 673 quos
695 597 776 658 Deus
786 597 907 672 iusserit
921 597 1024 671 oultus,
1038 600 1063 656 si
1076 603 1221 673 pastorem
1237 605 1365 660 noemam

190 714 221 766 et
242 707 328 764 vitem
348 721 457 780 veram,
469 703 612 764 Christum
634 720 692 762 non
713 703 928 778 agnoverimus,
953 702 978 760 si
1000 720 1058 761 uon
1076 704 1161 778 juxta
1182 703 1276 777 hujus¹
1291 697 1365 780 ιιι-

193 810 317 883 oeptoris
336 810 466 888 regulam
483 809 561 882 iuste
584 814 614 866 et
634 809 682 880 pie
708 809 805 867 vivere
826 807 1021 867 voluerimus?
1059 807 1125 869 Non
1148 809 1237 882 enim,
1262 809 1365 884 inquit,

159 932 162 936 ⁴
191 915 293 988 religio
308 915 463 974 christiana
477 914 508 972 iu
526 914 620 991 oereis
638 912 807 987 ardentibus
827 918 857 970 et
876 911 1105 992 nescioquibus,
1129 919 1162 972 ιιι
1181 930 1257 974 nuno
1275 915 1367 995 digia

193 1003 317 1093 diantur,
340 1019 522 1092 ceremoniis,
547 1018 727 1093 unctionibus
746 1023 779 1074 et
800 1018 863 1090 ejus
881 1031 955 1074 oerae
970 1015 1098 1076 futilibus
1121 1023 1151 1075 et
1172 1018 1278 1078 nullius
1298 1035 1367 1078 usus

191 1127 288 1198 rebus,
312 1130 363 1183 aut
376 1125 434 1182 uris
449 1123 537 1196 bysso
551 1126 580 1180 et
594 1137 724 1196 purpura
739 1121 880 1180 distinctis
899 1137 933 1180 ao
952 1122 1028 1179 vasis
1048 1122 1154 1197 aureis,
1177 1124 1323 1196 argenteis
1339 1128 1367 1184 et

194 1230 340 1290 deauratis
354 1228 411 1286 sita
430 1233 483 1286 est.
513 1227 589 1285 Nam
607 1227 633 1284 si
644 1224 709 1284 haeo
720 1211 768 1286 ⁴ad
786 1227 955 1300 religionem
974 1223 1111 1300 iacerent,
1136 1227 1298 1298 hahuerunt
1317 1229 1368 1286 Ju-

194 1335 250 1418 daei
264 1335 354 1392 multo
369 1333 453 1406 plura
468 1333 505 1391 de
516 1311 564 1390 his
578 1330 675 1404 rebus,
699 1347 785 1404 quam
801 1332 901 1405 nostri,
926 1337 955 1389 et
975 1331 1171 1392 Mahometani
1185 1333 1271 1408 longe
1286 1350 1366 1408 auro,

194 1439 290 1512 bysso,
313 1454 452 1511 purpura,
475 1439 605 1510 argento,
629 1435 781 1494 unionibus
797 1441 826 1498 et
840 1437 956 1514 gemmis
972 1437 1003 1495 in
1020 1453 1072 1502 suo
1087 1436 1274 1500 mahometica
1289 1438 1369 1498 cultu

194 1561 248 1602 nos
261 1546 408 1618 superant.
439 1539 502 1598 Neo
520 1540 683 1612 hujusmodi
703 1542 805 1600 nenia
824 1542 871 1600 vel
889 1542 928 1601 ad
947 1542 1097 1601 veritatem
1118 1543 1303 1628 christianam
1324 1544 1369 1605 vel

194 1650 231 1708 ed
245 1647 394 1722 religionis
408 1645 557 1718 negoeium
567 1645 728 1718 ‘quidquam
745 1643 864 1704 iaciunt.
895 1648 1001 1706 Verum
1023 1647 1047 1704 si
1068 1646 1106 1706 ad
1120 1647 1214 1706 Deum
1233 1648 1367 1732 invocan-

196 1754 263 1812 dum
278 1750 373 1810 fidem
384 1749 574 1808 indubitatam
588 1755 618 1808 et
638 1749 808 1808 charitatem
829 1768 898 1826 erga
916 1752 1009 1812 Deum
1028 1758 1057 1812 et
1077 1753 1237 1825 proximum
1256 1751 1369 1815 adfera-

195 1874 258 1915 mus
273 1854 409 1914 facientes
429 1851 551 1912 hactum
572 1854 687 1926 bonum,
712 1871 769 1927 quo
789 1857 880 1931 patris
902 1857 1043 1931 voluutas,
1068 1874 1132 1930 qua
1151 1874 1204 1932 per
1225 1857 1369 1918 Christum

195 1961 278 2022 nobis
293 1959 440 2035 patefacto,
458 1965 511 2034 est,
535 1965 702 2034 peragatur,
724 1965 758 2018 ιιι
778 1960 841 2022 Deo
863 1963 990 2022 innubis
1010 1979 1063 2037 per
1079 1961 1222 2020 Christum
1242 1978 1295 2020 sua
1310 1963 1369 2036 glo·

196 2068 240 2126 aa
254 2066 394 2140 obtingat,
417 2071 458 2138 ιι,
482 2065 576 2138 inquit
591 2064 732 2139 eominus,
756 2045 919 2124 efficiamini
934 2066 1067 2140 discipuli
1081 2067 1146 2126 mei.
1176 2066 1261 2140 ause,
1277 2065 1370 2142 inqua

196 2171 360 2242 aarum,
383 2169 446 2250 nee
470 2155 778 2229 subsannaverunt?
815 2171 976 2246 Numquid,
1000 2171 1039 2230 au
1061 2187 1132 2242 quos
1156 2171 1286 2230 domna
1308 2173 1370 2230 ιιι

196 2276 285 2335 verba
294 2274 486 2347 loquebatur,
511 2274 572 2346 ejus
595 2279 678 2332 eraut
701 2274 852 2348 disoipuli?
883 2277 977 2334 Erant
998 2273 1150 2348 prolecto.‘
1170 2273 1247 2335 Nem
1269 2276 1305 2335 de
1326 2277 1369 2334 his

196 2379 280 2440 diris:
299 2380 382 2455 «Ego
397 2395 449 2435 vos
463 2378 547 2450 elegi,
563 2395 613 2437 vos
628 2385 724 2438 autem
738 2397 785 2451 nne
800 2397 858 2440 non
874 2380 1032 2454 elegistis«
1064 2373 1148 2439 Item:
1170 2381 1247 2440 «Vos
1262 2382 1370 2440 voeatis

196 2501 241 2543 me
256 2485 442 2562 magistrum
440 2488 470 2540 et
485 2482 638 2556 dominum,
661 2490 692 2542 et
705 2489 783 2543 reete
799 2484 902 2558 dicitis,
919 2501 981 2544 sum
997 2465 1193 2544 stemmate.
1225 2485 1321 2557 Certo,
1346 2486 1370 2544 si

195 2590 238 2647 sio
260 2605 291 2647 se
313 2603 361 2647 res
381 2587 484 2661 habet,
508 2604 607 2647 omnes
629 2587 762 2664 discipuli
786 2589 891 2649 Christi
915 2595 1007 2652 erant
1032 2590 1118 2649 Ειιι
1141 2607 1255 2664 quoque
1279 2572 1370 2649 Judas

195 2694 369 2753 Ischariotes
384 2694 541 2767 discipulus
556 2693 663 2753 domini
677 2700 731 2753 eto
763 2694 856 2753 Sed
834 2712 859 2753 ιι
873 2694 931 2753 alia
946 2699 990 2753 est
1004 2696 1089 2769 ιιιιο,
1114 2695 1193 2769 quod
1213 2696 1264 2768 ιιι,
1287 2694 1370 2753 dissi-

197 2800 258 2873 puli
276 2796 332 2857 mei
353 2795 506 2871 efficimini,
529 2797 585 2856 hoo
603 2804 656 2873 est,
680 2785 841 2872 palmites
833 2816 864 2857 in
884 2800 942 2857 vite
961 2804 1136 2873 permanete,
1160 2797 1283 2859 fructum
1297 2798 1370 2858 ferte

197 2909 253 2963 eto.
290 2901 331 2961 Et
351 2904 448 2961 multis
469 2903 516 2961 ιιι
537 2902 574 2962 de
596 2894 759 2967 discrimine
769 2903 985 2993 discipulorum
1007 2903 1116 2978 doouit,
1141 2903 1217 2962 de'’
1198 2920 1233 2963 us
1254 2904 1369 2977 seilicet,

197 3008 246 3082 qui
261 3009 291 3066 in
305 3023 380 3080 pura
394 2995 525 3067 doctrina
541 3006 647 3093 Christi
664 3015 836 3081 permanent
854 3015 883 3068 ιι
903 3010 1054 3069 veritatem
1062 3008 1260 3081 evangelicam
1275 3011 1372 3067 amant

196 3130 232 3172 ιι
246 3129 333 3187 opere
345 3108 466 3190 implere
486 3118 634 3187 conantur,
658 3119 689 3172 et
708 3114 772 3173 de
764 3116 809 3188 ιιι,
833 3116 880 3188 qui
900 3115 1006 3188 optime
1021 3114 1135 3187 quidem
1156 3102 1192 3172 de
1211 3113 1371 3191 Evangelio

196 3216 375 3292 fabulantur,
399 3220 451 3278 sed
474 3219 639 3292 impiissime
661 3220 802 3279 victitant.
841 3210 914 3287 It'em,
936 3219 972 3278 de
996 3218 1121 3291 Papistis
1145 3196 1174 3275 ιι
1197 3217 1371 3301 adversariis

196 3323 287 3397 verbi,
310 3326 380 3383 item
396 3324 431 3383 de
449 3326 537 3384 variis
556 3324 733 3399 respectibus
752 3326 784 3383 in
800 3322 952 3398 Christum,
977 3329 1007 3381 et
1026 3318 1168 3404 quomodo
1183 3322 1232 3381 alii
1247 3322 1327 3381 aliud
1341 3321 1371 3379 iu

197 3427 310 3489 Christo
333 3406 478 3504 quaerant,
502 3430 552 3489 alii
572 3445 625 3487 sua
646 3430 808 3502 commoda,
833 3430 882 3487 alii
903 3431 1041 3501 honores,
1065 3428 1115 3486 alii
1136 3428 1319 3487 autoritatem
1342 3431 1371 3485 et

196 3551 255 3593 suae
277 3535 472 3609 sycophantiae
493 3534 671 3607 operculum,
694 3540 724 3593 et
737 3534 884 3608 postremo
904 3533 989 3592 dixit:
1013 3534 1053 3591 Et
1072 3532 1142 3606 quid
1161 3531 1274 3593 diuam?
1303 3533 1371 3593 Non

196 3639 287 3697 estin
301 3638 442 3696 universis
458 3639 604 3697 sanctitas.
635 3636 779 3711 Utrinque
801 3656 837 3698 ex
856 3639 934 3698 omni
954 3638 1183 3727 pertehquotidie
1203 3637 1371 3712 nobisipsis

197 3743 312 3818 peiores
327 3741 482 3800 evadimus.
514 3742 696 3816 Quapropter
714 3746 802 3803 vitam
823 3744 1003 3805 emendemus
1018 3748 1047 3802 et
1068 3759 1200 3817 rogemus
1214 3743 1369 3815 dominum,

196 3853 228 3907 ut
242 3847 384 3921 propitius
405 3864 460 3931 nos
480 3852 637 3919 convertat,
661 3863 718 3921 quo
732 3823 767 3907 'in
788 3850 845 3909 vite
863 3866 934 3909 vera
951 3848 1062 3935 fruetus
1082 3849 1186 3921 uberes
1206 3846 1281 3906 ferre
1303 3835 1369 3921 pos·

183 3943 296 4011 ‘simus
324 3953 398 4011 Item
413 3950 491 4025 quod
509 3956 604 4011 textus
623 3953 723 4013 hahet:
749 3954 829 4013 Sicut
848 3951 947 4015 dilexit
965 3970 1011 4013 me
1025 3959 1076 4027 pat
1077 3970 1108 4033 er
1063 3957 1189 4026 t.,eto
1212 3951 1242 4011 id
1257 3953 1371 4014 tametsi

196 4057 356 4117 videatur
348 4076 378 4115 ιιι
397 4058 546 4134 praeterito
566 4058 680 4132 dietum,
705 4042 809 4118 tamen
819 4060 970 4145 praesentis
989 4058 1067 4118 modi
1080 4058 1127 4116 hia
1146 4058 1237 4131 accipi
1254 4057 1369 4137 debere,

196 4169 283 4236 atque
305 4164 361 4221 hoo
382 4161 419 4220 de
440 4163 603 4243 hebraismo
625 4170 655 4223 et
677 4165 777 4238 phrasi
799 4150 935 4223 hebraica
957 4164 1106 4241 disseruit,
1133 4166 1255 4229 innuens
1277 4163 1370 4221 Deum

196 4274 308 4342 patrem
323 4283 436 4341 semper
451 4266 540 4326 filium
556 4269 684 4343 diligere,
707 4270 748 4327 sio
764 4273 793 4326 et
808 4268 952 4329 Christum
967 4286 1043 4343 suos,
1065 4270 1089 4327 si
1105 4270 1135 4327 in
1151 4269 1304 4353 dileetione
1318 4280 1371 4327 sua

198 4374 419 4455 permanserint,
443 4389 557 4446 semper
571 4388 669 4432 amare
685 4378 753 4433 ιιι.

226 4466 398 4537 Eadem
413 4478 633 4553 landtgravium,
657 4494 721 4552 quae
742 4478 880 4553 perendie
900 4479 967 4541 hino
988 4476 1154 4573 proiectura
1175 4482 1248 4554 erat,
1273 4478 1368 4565 inusi-
