3017 5225
711 422 754 491 at

143 614 258 687 patrem
271 615 302 669 st
314 608 409 683 ipsum
423 609 574 667 venturum
589 606 628 669 ad
642 611 873 668 conservatorem
890 607 971 666 verbi
985 607 1049 681 ejus
1062 611 1093 669 et
1106 610 1315 680 eumreeeptn·

143 722 249 785 tnrum.
288 713 322 773 ld
336 711 399 774 fieri
413 717 479 786 post
492 712 567 773 hane
581 714 669 773 utam
684 720 739 773 etc.
770 715 811 773 Et
824 714 914 778 multa
928 711 1066 787 ejusmodi
1079 713 1221 785 praeclara
1235 710 1317 771 addi-

143 820 196 894 dit,
212 819 266 879 han
281 802 417 879 coronide
432 832 592 877 sermonem
605 818 749 893 claudens,
766 836 937 881 nararcmus
948 821 1075 892 operam,
1090 822 1123 876 ut
1133 817 1253 877 verbum
1261 816 1317 879 Dei

144 942 218 999 puro
238 923 324 984 corde
346 924 524 995 audiremus,
548 924 739 997 reciperemus
754 930 785 984 et
798 925 993 999 crederemus,
1014 940 1072 997 quo
1085 923 1193 995 templa
1207 923 1273 981 riva
1287 926 1317 983 et

146 1031 310 1095 mansiones
324 1028 380 1088 Dei
394 1024 574 1089 'efficeremur
588 1034 619 1088 et
633 1045 651 1087 a
666 1029 729 1089 Deo
744 1046 955 1090 annumeremur
969 1036 1023 1089 etc.
1046 1030 1086 1089 Et
1099 1028 1240 1101 completo
1254 1044 1316 1089 ser·

144 1152 230 1196 mone
244 1134 366 1208 populus
386 1134 484 1208 iussus
503 1133 566 1193 Deo
589 1134 687 1195 laudes
709 1140 828 1195 mutare
842 1140 873 1193 et
885 1132 990 1196 deinde
1004 1135 1126 1193 ecclesis
1148 1149 1213 1191 cum
1231 1132 1317 1193 bene·

144 1240 270 1301 dictione
285 1239 460 1300 ecclesiaste
474 1240 560 1314 hujus
574 1238 690 1299 dimissa
705 1246 758 1299 est.

233 1344 261 1403 A
274 1344 395 1417 prandio
411 1344 612 1420 wandelinus,
632 1346 736 1408 Florus
753 1354 784 1407 et
798 1346 939 1407 Melchior
954 1346 1023 1419 quid
1036 1345 1183 1406 archiduci
1197 1344 1317 1407 offeren-

143 1450 213 1512 dum
228 1450 265 1509 sit
279 1449 385 1509 chartis
400 1448 560 1527 mandem,-
570 1452 594 1509 si
609 1452 659 1525 qui
673 1451 847 1512 commodius
860 1453 954 1526 ipsum
969 1452 1078 1525 ahoqui
1092 1467 1249 1523 possemus.

233 1555 346 1615 Eadem
357 1556 438 1615 uenit
451 1558 623 1617 secretarius
642 1562 829 1634 cognatorum
846 1562 1012 1617 nostrorum
1026 1557 1161 1617 comitum
1180 1556 1217 1615 de
1230 1557 1316 1632 Heia,

145 1678 204 1735 quo
219 1662 249 1722 in
264 1665 340 1721 statu
354 1660 597 1724 resdomincrum
611 1679 728 1723 suorum
742 1668 852 1738 essent,
868 1678 1014 1737 exponens
1028 1668 1058 1721 et
1072 1678 1091 1721 a
1105 1662 1187 1721 nobis
1198 1662 1240 1721 ad
1253 1662 1318 1723 Mc·

144 1767 352 1831 hasteriensem
366 1766 519 1841 praesulem
534 1768 633 1828 literas
653 1769 747 1842 petiit,
771 1769 840 1829 item
854 1772 887 1827 ut
900 1785 954 1841 per
968 1772 1083 1827 nostros
1097 1784 1150 1839 per
1163 1768 1318 1827 latissimos

144 1887 261 1946 campos
277 1869 439 1932 Sendtfeldt
457 1871 560 1933 deduci
581 1877 691 1947 posset,
714 1873 795 1946 sjens
817 1888 931 1947 quoquc
953 1889 1006 1933 nos
1024 1889 1125 1933 rursus
1145 1873 1176 1931 in
1194 1878 1317 1933 tutorem

145 1976 321 2051 pupillorum
335 1976 372 2037 de
386 1962 463 2037 Heia
476 1977 625 2059 postulari.

233 2083 312 2143 Note
334 2081 405 2158 dnos
425 2080 531 2143 fratres
553 2097 704 2157 germanos
723 2083 887 2157 Philippum
911 2088 941 2141 et
960 2080 1197 2157 christophorum
1217 2080 1318 2140 Seldos

143 2187 206 2249 LL.
224 2189 355 2250 doctores
369 2187 507 2263 Augustae
529 2188 652 2247 civitatis
671 2189 802 2249 alumnos
821 2190 858 2249 ob
877 2192 1035 2264 spectatam
1054 2188 1085 2245 in
1098 2186 1196 2260 pueris
1210 2186 1318 2259 ingenii

143 2294 367 2369 prosperitatem
380 2294 581 2369 Fuggerorum
600 2294 743 2369 stipendio
763 2294 802 2354 ad
819 2296 872 2355 has
889 2293 1043 2367 dignimtes
1057 2295 1222 2366 protectos,
1245 2307 1317 2363 qno·

143 2414 210 2459 rum
223 2398 271 2457 hio
285 2399 549 2461 vicecancellarium
564 2400 680 2459 casaris
695 2401 766 2474 agit,
782 2383 857 2461 alter
871 2398 937 2459 urbi
951 2415 970 2457 s
984 2397 1109 2457 consiliis
1124 2402 1177 2456 est.

234 2503 338 2563 Petrus
356 2504 559 2580 Obernburger
578 2505 608 2563 in
629 2505 802 2565 cancellarie
821 2506 866 2583 (ut
887 2502 1002 2579 vocant)
1025 2502 1141 2566 cesaris
1160 2508 1225 2575 post
1244 2503 1318 2562 vice·

145 2609 350 2670 cancellarium
364 2612 441 2672 inter
456 2608 615 2672 Germanos
629 2613 737 2686 primas
751 2617 841 2672 tenet.

235 2714 384 2777 Corradus
405 2715 521 2790 quidam
534 2717 644 2776 Hessos
664 2721 694 2776 et
709 2715 850 2792 Georgius
870 2716 906 2776 de
920 2709 988 2776 Hall
1005 2714 1139 2775 comitum
1160 2714 1197 2773 ab
1211 2713 1318 2776 Alden·

143 2822 219 2896 burg
233 2820 407 2882 internuncii
426 2825 501 2880 sunt.
538 2820 709 2882 Franciscus
728 2823 830 2884 aHall
844 2823 982 2882 hactenus
1000 2820 1048 2879 hic
1061 2819 1141 2879 litem
1154 2819 1318 2895 ‘contestari

144 2926 245 2986 noluit.

233 3029 344 3090 Eadem
357 3029 436 3090 intra
449 3029 550 3092 horam
565 3035 594 3092 et
604 3034 706 3106 sesqui
726 3048 838 3094 omnem
857 3034 957 3100 urbem
971 3032 1130 3108 Augustam
1147 3047 1211 3090 cum
1225 3027 1316 3094 focac-

144 3137 200 3210 eis,
222 3134 306 3195 vallis
325 3141 356 3194 et
374 3136 579 3198 munitionibus
600 3139 752 3199 circumivi.
800 3139 878 3211 Quid
896 3145 992 3200 antem
1010 3139 1165 3198 viderimus
1184 3137 1317 3196 historio·

143 3241 253 3314 grapho
269 3241 356 3303 etiam
370 3257 428 3300 non
443 3240 557 3302 indocto
572 3259 625 3302 nec
638 3244 755 3304 secordi
770 3243 801 3303 id
811 3243 973 3304 describere
985 3245 1056 3320 satis
1069 3241 1177 3317 negotii
1191 3238 1317 3298 hemum

143 3347 282 3408 arbitror.
1248 3358 1251 3366 ·

164 3499 167 3507 .
232 3451 343 3512 Eodem
356 3450 507 3526 Philippus
522 3459 552 3512 ct
565 3453 694 3514 loannes
708 3452 814 3513 iratres
832 3454 925 3514 nostri
939 3452 1017 3526 apud
1030 3453 1049 3512 J
1050 3467 1171 3514 oannem
1186 3451 1317 3512 comitem

145 3556 183 3618 de
197 3557 324 3640 Retbcrg
340 3562 498 3632 coemerunt,
514 3539 631 3618 ¹Samuel
645 3574 715 3618 vero
730 3574 821 3633 nepos
835 3559 914 3632 apud
928 3558 1144 3618 Treuerensem.

233 3662 343 3722 Eadem
358 3663 388 3721 in
403 3663 500 3739 platea
514 3662 599 3734 homo
614 3662 710 3724 Turca
729 3665 812 3723 nobis
832 3664 946 3724 obviam
964 3662 1011 3737 fit,
1034 3663 1107 3725 collo
1127 3661 1317 3722 circumdatus

144 3765 358 3841 torqucierreo
374 3767 530 3842 insignum
544 3771 889 3844 perpotnaeenptivitatis.
1099 3833 1106 3838 ,

218 3870 402 3946 'Audivimus
424 3873 477 3932 sub
500 3889 611 3932 eoencm
630 3875 720 3935 ltslos
742 3868 874 3934 tibicines
896 3880 927 3934 et
947 3873 1093 3949 fidicines,
1118 3878 1167 3948 qui
1186 3876 1232 3944 vel
1253 3889 1317 3934 cum

143 3975 278 4050 Apolline
293 3973 397 4035 fistulis
411 3981 523 4038 certare
538 3978 707 4052 potuissent.
819 4009 829 4028 ν
939 4051 942 4054 ,

233 4079 346 4141 Eadem
360 4082 413 4144 sub
432 4098 537 4143 nonam
558 4084 650 4150 noctis
671 4083 786 4159 eclipsis
799 4085 876 4144 lunae
896 4087 958 4146 viss
972 4091 1024 4144 cst.
1063 4085 1119 4157 Qui
1133 4085 1216 4144 nobis
1237 4086 1318 4158 signa

143 4186 286 4262 eiusmodi
300 4186 429 4262 exhibet,
446 4189 600 4249 clementer
615 4195 718 4249 cuncta
731 4190 809 4249 mala
823 4194 945 4249 avertat.
967 4189 1070 4250 Amen.

233 4292 356 4352 Domine
365 4292 453 4368 Deus,
470 4293 508 4354 de
522 4293 651 4358 auditum
666 4295 746 4355 verbi
760 4296 803 4356 tui
815 4300 845 4355 et
858 4295 929 4356 illud
943 4296 1030 4367 conde
1045 4309 1224 4368 conservare,
1241 4299 1272 4352 ut
1286 4300 1318 4354 tu

144 4402 175 4456 et
194 4395 270 4456 filius
293 4401 360 4456 tuus
382 4397 465 4458 lesus
482 4397 612 4458 christus
628 4399 704 4473 apud
724 4415 776 4459 nos
800 4399 975 4460 mansionem
999 4399 1118 4463 faciatis„
1133 4416 1196 4457 num
1218 4403 1317 4458 sancto

143 4501 262 4578 spiritu,
279 4503 330 4578 qui
344 4503 416 4582 vicis
432 4509 461 4564 et
474 4509 648 4578 regncsetc.
