3017 5225
694 499 769 578 ’137

150 675 228 754 tione
244 693 425 780 praedicasse.
464 695 590 755 Perinde
599 706 644 754 ¹sc
663 694 735 754 illud
757 693 922 754 mandatum
936 684 1149 755 fuitilhristum
1164 711 1321 756 sacramen-

145 806 206 859 tum
219 800 292 860 solis
307 799 451 874 apostolis
467 800 521 863 sub
536 806 660 874 utraque
675 799 770 874 specie
784 799 950 878 praebuisse,
966 801 1070 859 ceteris
1085 819 1142 861 non
1157 803 1235 860 item.
1253 801 1323 860 Cum

145 901 265 980 Paulus,
280 905 330 976 qui
344 905 424 978 prius
439 911 606 980 persecutor
621 897 726 964 Christi
742 910 778 963 et
787 919 903 963 suorum
918 910 947 964 et
965 910 1065 978 postea
1080 921 1137 964 uon
1152 923 1187 966 ex
1202 925 1320 968 numero

147 996 297 1068 duodecim
312 1011 510 1089 apostolorum
525 1008 587 1084 luit,
617 1016 711 1069 tamen
727 1013 936 1068 sacramentum
950 1009 1005 1067 boc
1020 1011 1073 1070 sub
1088 1015 1211 1084 utraque
1226 1015 1323 1087 specie

146 1115 280 1183 distribui
292 1116 387 1190 jussit,
405 1112 584 1175 contestatus
600 1112 631 1174 s'e
646 1115 688 1173 sic
702 1115 845 1188 accepisse
859 1130 879 1172 a
894 1114 1017 1173 domiuo.
1041 1116 1113 1173 Item
1129 1132 1191 1174 cum
1206 1113 1321 1178 dilectio

145 1219 229 1279 uobis
243 1220 344 1279 insita
367 1224 473 1279 natura
490 1219 635 1280 Christum
655 1219 801 1279 domiuum
819 1221 866 1279 bio
886 1221 983 1294 magis,
992 1221 1217 1304 moderationem
1233 1224 1318 1283 dilee-

144 1325 232 1384 tionis
249 1309 334 1397 quem
348 1330 525 1399 preceptum
541 1326 684 1384 statuisse.
717 1325 873 1384 Dilectioni
888 1325 963 1383 euim
978 1326 1030 1384 bos
1046 1329 1146 1396 statuit
1160 1329 1273 1402 limites,
1289 1336 1322 1390 ut

145 1431 187 1490 sic
201 1446 233 1489 se
248 1429 370 1489 inuicem
391 1431 532 1489 charitate
556 1433 813 1502 prosequerentur,
838 1430 912 1488 sieut
936 1428 1067 1489 Christus
1089 1441 1255 1506 prosecutus
1279 1441 1322 1494 est

146 1552 206 1594 eos.
245 1535 317 1594 Item
333 1539 441 1608 quauta
463 1536 548 1608 hujus
569 1535 730 1594 dilectionis
745 1532 927 1608 profunditas
942 1542 1027 1609 esset,
1049 1543 1134 1609 quam
1149 1543 1232 1597 nemo
1247 1557 1322 1600 mor-

144 1641 247 1698 talium
262 1641 357 1700 verbis
372 1641 467 1714 eloqui
481 1644 577 1713 queat
632 1639 792 1698 Perseutiri
807 1644 903 1699 tamen
919 1657 981 1700 eam
996 1657 1015 1698 a
1029 1641 1111 1700 uobis
1125 1643 1221 1716 aliquo
1237 1625 1320 1704 modo

145 1761 231 1820 posse
247 1751 300 1804 etc
324 1743 419 1818 Deus,
430 1746 480 1818 qui
495 1745 623 1802 ebaritas
640 1750 693 1819 est,
710 1743 792 1805 nobis
808 1752 837 1804 et
852 1747 925 1806 hauc
940 1746 1109 1807 charitatem
1124 1748 1232 1809 donare
1248 1755 1277 1810 et
1290 1752 1320 1810 in

145 1849 181 1912 e'a
196 1851 546 1924 perseverarediquetur.
569 1850 670 1908 Amen.

235 1955 346 2019 Eadem
360 1954 507 2013 Liberium
522 1955 562 2015 ad
579 1956 709 2014 comitem
731 1971 749 2012 a
764 1955 877 2014 Nassau
894 1956 1028 2030 misimus,
1053 1958 1107 2030 ipsi
1122 1975 1174 2018 uos
1190 1951 1320 2020 comitem

145 2062 353 2134 aSebomberg
367 2061 567 2133 convenimus,
593 2066 730 2132 rogantes
745 2066 779 2120 ut
793 2059 911 2120 fratrem
922 2077 1008 2121 suum
1023 2051 1255 2138 archipresulem
1270 2083 1318 2126 eo·

144 2184 219 2242 rum,
236 2181 300 2241 quae
314 2165 396 2226 uobis
411 2166 554 2240 pollicitus
570 2171 643 2240 erat,
660 2180 771 2224 memor
787 2181 849 2241 esse
864 2167 961 2241 vellet,
977 2141 1179 2227 hortaretur?

235 2271 345 2331 Eadem
359 2267 640 2332 Wilb'elmuscomes
662 2267 893 2346 aWitgeusteiu
913 2274 1060 2332 nobiscum
1082 2291 1205 2347 pransus
1226 2281 1270 2358 est
1291 2283 1320 2336 at

148 2362 297 2437 confestim
313 2391 331 2434 a
348 2374 470 2451 prandio
485 2377 614 2436 loannes
635 2374 726 2436 irater
745 2384 857 2454 noster„
869 2395 931 2437 cum
952 2377 1129 2464 Wendeliuo¹
1147 2369 1320 2440 Colbecbero

149 2485 206 2543 iter
221 2483 251 2542 iu
265 2482 387 2558 patriam
402 2482 543 2556 arripuit,
569 2499 653 2556 quem
669 2483 785 2542 Samuel
800 2489 829 2542 et
842 2481 1026 2542 Eubulused
1041 2485 1133 2544 stadia
1148 2485 1320 2559 aliquaten-

148 2569 197 2649 tra
211 2573 372 2663 Augustam
386 2585 576 2648 deduxerunt.
599 2589 825 2675 Pemoctaturus
841 2594 937 2649 autem
954 2594 1017 2650 erat
1032 2605 1126 2649 eomes
1140 2591 1268 2665 Joauues
1284 2583 1335 2651 ad'

149 2695 290 2756 Werdam
304 2694 440 2769 Danubii,
457 2680 543 2768 quam
558 2696 658 2754 incolae
675 2694 854 2755 Schwebiseh
869 2694 974 2769 werdt
988 2696 1145 2755 nominant

238 2802 316 2859 Nota
331 2800 517 2860 Weudeliuus
532 2804 687 2873 autequam
698 2800 795 2860 abiret
810 2798 898 2858 moro
920 2790 1043 2858 omnium
1059 2784 1191 2859 comitum
1208 2803 1320 2861 nonuue

149 2904 208 2988 (me
222 2911 319 2963 tamen
334 2902 506 2978 inconsulto)
523 2905 621 2980 edixit,
644 2896 768 2965 comites
777 2904 896 2978 posthac
910 2920 1049 2977 expensas
1065 2922 1117 2981 pro
1133 2906 1182 2965 illo
1197 2922 1255 2965 uon
1270 2922 1319 2965 ex-

149 3011 303 3085 posituros.
328 3010 386 3070 Sed
401 3008 477 3069 idem
493 3010 598 3069 Lindio
614 3002 692 3082 quod
706 3011 804 3070 Floro.
917 3054 923 3061 -

237 3115 324 3174 Venit
336 3093 480 3174 Heurioua
495 3115 624 3191 Winter,
638 3117 787 3176 'Werneri
801 3114 892 3188 iilius,
917 3117 965 3188 qui
981 3092 1062 3189 apud
1072 3117 1256 3175 Franciseum
1271 3135 1321 3177 no-

148 3218 193 3279 bis
208 3236 244 3278 ex
259 3226 342 3293 patre
356 3218 475 3279 fratrem
489 3222 519 3279 iu
535 3220 641 3294 Anglia
655 3237 747 3280 anuos
759 3222 868 3295 aliquot
882 3219 998 3305 iuerat,
1009 3221 1093 3277 Neue
1108 3226 1203 3279 autem
1218 3218 1320 3282 nudius

148 3325 253 3384 tertius
267 3317 428 3398 Augustam
452 3340 515 3383 cum
535 3323 649 3384 domiuo
671 3323 708 3383 de
729 3325 829 3399 Habyt
847 3325 1005 3383 Britanniae
1021 3328 1051 3381 et
1069 3323 1228 3397 Auglorum
1243 3330 1320 3401 regis

142 3431 246 3504 legato
262 3430 427 3489 advenerat.
605 3440 608 3444 ·

238 3534 304 3595 Mes
319 3534 465 3609 abdnglis
476 3541 610 3595 servatur
625 3536 662 3596 ob
677 3537 773 3595 nescio
790 3551 861 3609 quas
877 3535 1080 3593 conventiones
1094 3534 1169 3591 inter
1185 3548 1320 3593 cesarem

150 3645 180 3700 et
193 3626 288 3714 repes,
303 3646 337 3728 ut
351 3639 464 3714 Anglioe
482 3641 594 3715 legatus
615 3620 729 3716 integro
751 3640 878 3699 triennio
892 3638 987 3698 aulam
1002 3641 1116 3699 caesaris
1131 3640 1321 3714 subsequatur

106 3768 110 3771 ·
149 3761 183 3804 ac
197 3756 311 3819 semper
325 3751 433 3820 praesto
448 3747 487 3805 sit
500 3763 553 3805 nec
571 3747 687 3805 iuterim
702 3747 757 3805 nisi
773 3746 884 3833 maguis
900 3743 939 3803 de
954 3748 1046 3804 causis
1067 3746 1121 3820 ipsi
1136 3747 1258 3819 patriam
1273 3762 1318 3804 re·

149 3855 249 3923 petere
263 3851 357 3910 liceat.
381 3852 479 3911 Finito
493 3857 590 3911 autem
603 3852 729 3910 triennio
744 3850 820 3909 alter
840 3850 961 3909 mittitur
976 3851 1043 3911 huic
1057 3840 1220 3924 succedens,
1234 3849 1320 3923 idque

149 3955 191 4013 sic
205 3936 323 4029 siugulis
339 3956 471 4015 trienniis
485 3958 646 4029 legatorum
661 3956 781 4015 mutatio
796 3954 838 4014 fit.
874 4031 878 4035 ‚
895 3967 899 3973 ·

239 4060 340 4121 eona
355 4061 506 4137 Philippus
520 4057 611 4121 irater
625 4066 724 4121 noster
739 4076 802 4119 cum
817 4062 930 4119 Joauue
945 4060 1092 4120 Friderico
1114 4062 1237 4121 electore
1252 4078 1319 4136 cup·

147 4166 212 4225 tiro
224 4167 358 4226 ooeuavit.
382 4165 479 4248 Goeuae
494 4172 600 4226 uostrae
610 4167 775 4227 loacbimus
784 4166 872 4238 Hagk
886 4168 1034 4239 intererat.
1057 4166 1084 4223 A
1099 4182 1181 4225 amna
1193 4167 1321 4228 loannes

149 4287 244 4331 comes
259 4287 278 4329 a
292 4270 442 4345 Ratbberg
456 4288 508 4331 nos
522 4257 639 4330 inrisiit.
1100 4249 1104 4257 Χ

161 4421 165 4430 .
240 4375 418 4435 coloniensis
452 4377 481 4433 in
514 4376 606 4434 bortis
641 4374 884 4449 Grandevelam,'
900 4376 963 4448 ejus
994 4392 1111 4435 uxorem
1147 4382 1176 4435 et
1205 4378 1319 4451 liberos,

149 4476 296 4541 domiuum
319 4479 373 4548 ,de
393 4480 501 4538 Buistri
529 4485 558 4538 et
585 4480 658 4552 eius
676 4481 841 4554 conjugem,
872 4479 1016 4540 dominum
1049 4480 1085 4539 de
1111 4481 1202 4555 Lyra,
1233 4482 1321 4541 domi-

149 4602 219 4645 uum
234 4586 270 4660 de
286 4586 431 4661 Aigmout,
456 4586 592 4645 baronem
614 4581 650 4644 de
665 4584 849 4645 Brabantrou
870 4590 899 4643 et
919 4587 964 4643 cui
979 4586 1078 4660 primae
1094 4584 1233 4645 debentur
1248 4587 1320 4646 Wil-
