3017 5225
393 1282 428 1349 ll
447 1280 566 1349 DOMINI
584 1280 821 1350 multitunem
840 1281 957 1351 iulus
975 1281 1055 1350 llll

151 1482 508 1577 WOLRADT
541 1480 791 1575 COMITI
824 1483 898 1577 IN
934 1480 1288 1579 WALDECK

411 1698 588 1751 WALDEOK
607 1699 634 1749 iv
652 1698 747 1751 JUNII
765 1697 862 1752 Aulio
882 1698 1028 1753 SALUTIS

645 1797 796 1850 MDLXIII.

226 2084 255 2145 S.
273 2082 430 2143 Audieram
449 2098 543 2142 eomes
562 2083 767 2158 illustrissime,
791 2082 1006 2144 clementissimo
1026 2085 1138 2147 domine
1157 2087 1189 2148 0.
1206 2089 1240 2150 T.
1256 2089 1307 2149 ab·

135 2206 198 2251 esse
212 2206 342 2265 peregre.
366 2190 438 2249 Haeo
451 2190 582 2249 absentia
596 2188 665 2247 mihi
685 2204 826 2263 perquam
840 2190 1023 2251 aooommoda
1042 2192 1154 2251 occasio
1172 2194 1235 2253 visa
1252 2192 1308 2254 fuit

133 2312 179 2356 me
194 2296 300 2357 diutius
315 2294 477 2355 oblectandi
497 2296 528 2355 in
543 2294 678 2354 chronico
697 2300 757 2353 tuo.
789 2294 884 2365 Quare
906 2296 932 2353 si
946 2295 1017 2369 quid
1030 2303 1179 2371 peceatum
1194 2304 1247 2373 est,
1271 2315 1307 2359 eo

133 2400 328 2477 potinaoulpa
342 2402 426 2475 genio
441 2400 507 2460 libri
522 2397 711 2461 omnimodam
725 2400 894 2459 varietatem
914 2402 1034 2474 spiranti
1054 2409 1085 2462 ot
1103 2418 1156 2462 oen
1168 2401 1307 2463 lentorem

134 2508 292 2583 retinenti,·
307 2522 393 2581 quam
412 2506 482 2565 mihi
503 2503 671 2581 imputanda
692 2505 779 2564 venit.
818 2504 883 2579 Ago
901 2512 999 2566 tamm
1022 2505 1053 2566 (l.
1074 2506 1109 2565 Τ.
1130 2507 1240 2581 maduo
1254 2508 1306 2567 im·

133 2613 269 2673 mortales
290 2619 319 2676 et
337 2628 394 2687 quo
413 2608 568 2672 faciliorem
590 2608 752 2686 demerem,
777 2612 1015 2686 epigrammaton
1035 2614 1233 2688 qualecunque
1250 2614 1307 2673 ole-

132 2725 244 2780 menter
259 2719 382 2794 aooipiat
396 2724 427 2779 et
438 2717 525 2792 legat.
563 2783 568 2790 .

311 2893 417 2959 Imperii
435 2905 570 2958 procerum
588 2904 658 2940 saevo
677 2904 736 2940 oum
755 2889 858 2940 Caene
875 2887 976 2942 bellum

347 2981 457 3031 (deatum
476 2994 522 3046 pro
540 2993 605 3044 pura
621 2977 761 3044 relligione
780 2978 839 3042 Dei,

313 3065 395 3117 Crede
413 3066 491 3129 mihi,
509 3081 578 3116 veno
595 3067 761 3132 quantumvis
778 3081 892 3134 paupera
911 3067 1023 3134 scriptor

346 3153 428 3206 Nemo
447 3153 624 3206 voluminibus
643 3153 739 3204 dixerit
755 3155 869 3220 exiguis.

210 3277 212 3282 .
311 3241 409 3292 Tristia
427 3247 536 3292 oonatue
554 3243 665 3292 infausti
683 3241 803 3307 germina
819 3247 910 3307 speetu

345 3329 471 3380 Foeouudi
489 3331 598 3380 miserae
616 3330 804 3396 relliquiasque
822 3327 898 3378 muli:

312 3418 415 3480 Quanta
432 3418 507 3470 vides
526 3418 649 3469 loliorum
669 3417 803 3478 examino,
823 3413 935 3480 denique
953 3419 1079 3479 quamtum

346 3507 471 3558 Historia
488 3521 557 3557 verae
575 3505 670 3556 lexerit
688 3509 764 3554 autor
781 3517 860 3570 opus;

309 3597 363 3646 Ista
381 3601 468 3645 tamen
487 3594 567 3645 eeleri
586 3594 687 3645 calamo
707 3591 780 3642 dedit
798 3591 886 3642 omnio
902 3590 1002 3641 olorum

346 3683 466 3734 Eubulus
486 3684 610 3734 uomitum
627 3680 808 3746 nobiliumque
822 3678 910 3744 jubar.

312 3771 409 3837 Aspice
427 3776 570 3838 suseeptoa
589 3770 706 3838 quiaquia
725 3769 802 3834 legia,
820 3768 872 3818 iata
889 3765 993 3818 laborer

345 3857 446 3909 Excute
465 3875 511 3927 pro
529 3873 592 3910 vera
609 3857 680 3909 focio
697 3855 798 3924 poriolu
815 3855 874 3906 fide.
936 3890 940 3905 r

308 3945 388 3997 Disoe
407 3962 501 4013 graves
521 3946 601 3996 animi
618 3944 743 3996 luctantis
762 3959 869 4010 corpore
888 3958 994 4009 pugnas

346 4033 466 4099 Quidque
484 4036 519 4084 sit
537 4032 564 4083 iu
584 4033 669 4085 nolum
688 4033 770 4083 fidere
787 4047 865 4098 poete
883 4029 978 4081 Deum.

311 4123 364 4173 Hei
383 4123 448 4173 mihi
467 4139 545 4188 quum
563 4123 640 4189 pauni
657 4120 761 4172 similes
778 4133 884 4170 sensere
904 4116 1016 4181 doloret,

345 4210 481 4276 Quamque
499 4215 571 4261 tenet
588 4209 706 4262 modioos
724 4208 770 4259 hio
787 4208 895 4275 pietatis
913 4206 1001 4258 umori

175 4357 281 4422 Valeat
295 4355 326 4418 O.
343 4357 377 4416 Τ.
394 4361 423 4416 et
438 4324 548 4418 aalamo
563 4357 732 4432 properanti
745 4305 885 4430 igriosoat.
