3017 5225
696 454 741 518 29

129 638 207 699 nisse
222 638 304 699 dixit
329 634 526 697 Gemituhutur
541 642 571 695 et
587 634 664 695 huno
676 633 815 695 llioolnus
826 633 927 696 (lellus
944 637 1168 697 Monosteriensi
1185 636 1303 711 presuli

130 743 298 818 spedrbue,
319 742 480 803 Herbertus
496 759 514 802 s
528 741 662 815 Lunden,
685 742 735 815 qui
749 746 851 801 etune
870 742 982 803 duobus
999 743 1045 803 his
1063 741 1209 816 prodistis
1227 741 1303 801 liel-

130 854 191 909 tsm
207 850 340 924 petierat,
357 847 461 908 ibidem
477 848 537 907 rite
551 847 682 907 excessit

219 954 330 1015 Eadem
344 954 436 1012 nostri
453 952 598 1013 doctorem
613 952 714 1011 Heseu
729 952 896 1027 oonsulunt,
916 954 942 1011 is
954 952 1038 1025 J‘ubet
1051 952 1176 1027 priorem
1191 955 1300 1029 suppli·

130 1047 271 1121 ostionem
286 1060 402 1120 iterare.

168 1178 172 1183 ·
219 1164 289 1224 Cum
303 1170 415 1239 tempus
429 1164 543 1239 prendii
557 1166 679 1223 inst-eret
694 1164 778 1223 nobis
793 1163 891 1222 inseiis
906 1163 1075 1223 Wdlielmns
1089 1179 1212 1223 comeso
1226 1162 1300 1223 Wit-

128 1270 273 1344 gerstein,
295 1269 444 1345 Philippus
464 1286 483 1329 s
501 1268 661 1344 Homberg,
683 1269 811 1331 Joennes
831 1286 926 1329 eomes
945 1288 964 1329 u
982 1272 1144 1346 Rethberg,
1167 1270 1245 1331 Dido
1265 1270 1302 1331 de

128 1374 334 1449 Kniephuusen
355 1381 385 1435 et
406 1376 534 1435 Josuues
553 1375 641 1449 lloglr
664 1375 837 1434 secretarius
860 1378 995 1437 uomitum
1016 1393 1035 1436 s
1054 1377 1133 1437 Hois
1152 1376 1300 1437 nobiseum

128 1480 264 1553 pransuri
278 1481 404 1540 veniunt.
428 1480 477 1540 Fit
491 1481 601 1554 potatio
617 1478 776 1539 liberalior.

217 1585 352 1646 Induoise
363 1570 593 1659 'qunquemules
607 1584 683 1645 inter
697 1585 915 1661 imperatorem,
936 1585 1132 1646 Romsnornm
1146 1600 1246 1661 regem
1266 1590 1296 1645 et

128 1691 282 1751 Turoioum
297 1706 433 1753 oaessrem
448 1697 604 1751 renovatae
620 1691 764 1750 dioumur.

152 1808 156 1813 ’
217 1796 328 1857 lisdem
341 1802 410 1857 ente
424 1812 518 1857 mum
534 1796 707 1870 bibliopolae
722 1796 786 1873 (qui
799 1795 874 1855 torte
886 1798 1066 1871 pepisturum
1076 1798 1200 1871 medum
1211 1812 1299 1857 reno·

127 1899 227 1977 betur)
248 1902 370 1962 vidimus
384 1892 482 1961 leones
501 1902 622 1961 Josnnis
640 1901 784 1961 Friderioi
804 1901 937 1961 eleetoris
957 1908 987 1960 et
1006 1902 1093 1961 Turdi
1119 1903 1302 1977 imperatoris

127 2024 160 2066 se
174 2012 273 2067 mutuo
287 2008 432 2068 intuentes
446 2022 611 2083 suspensos,
627 2006 704 2080 quod
718 2006 857 2080 probrum
870 2007 992 2081 piissimi
1005 2008 1143 2083 principis
1157 2024 1216 2068 non
1231 2009 1296 2069 sbs·

129 2128 187 2187 que
201 2114 289 2185 enimi
304 2111 402 2173 dolore
417 2113 556 2187 videntes,
573 2110 671 2173 umbos
687 2127 737 2171 ess
752 2111 837 2172 nobis
852 2112 980 2171 emimus.

217 2218 363 2293 Propitius
378 2224 440 2279 esto
454 2218 567 2279 domine
582 2224 700 2292 peeosto
715 2224 829 2291 nostro,
852 2217 973 2277 multum
993 2222 1038 2276 est
1057 2218 1146 2292 enim,
1168 2217 1207 2279 du
1225 2218 1300 2277 ouri·

127 2328 219 2385 tatem
233 2340 291 2385 non
304 2322 409 2398 fiotsm,
425 2325 463 2384 ds
478 2324 573 2385 odisse
587 2323 693 2383 melum
709 2330 738 2383 et
752 2323 913 2385 edisserere
926 2322 1012 2383 bono.

218 2431 298 2503 xxiiij
314 2431 423 2506 Aprilis
439 2429 476 2489 sd
491 2428 528 2490 D.
544 2430 712 2509 Mauritimn
727 2429 844 2504 quidem
859 2430 958 2487 oonoio
973 2426 1074 2502 debet,
1091 2432 1122 2487 ut
1136 2428 1174 2487 ob
1188 2424 1301 2486 Liborii

128 2535 343 2612 aegritudinem,
362 2536 411 2610 qui
425 2537 529 2595 misere
545 2535 655 2595 morlo
665 2533 860 2608 omoisbstnr,
872 2549 992 2592 meeum
1003 2532 1297 2594 Wendelinoetllel·

128 2642 228 2703 obiere
243 2642 347 2704 Lindio
363 2643 546 2702 sollicitatum
566 2644 609 2702 ire
631 2642 829 2703 conveniebat.
861 2639 959 2700 Primo
978 2640 1067 2714 igitur
1087 2639 1165 2698 odes
1184 2639 1301 2700 Domini

128 2746 218 2822 Viglii
233 2748 369 2808 Zuioheui
384 2753 531 2824 petentes,
555 2744 620 2807 'eum
635 2747 726 2808 solum
741 2747 916 2821 reperimus,
940 2745 991 2818 qui
1006 2749 1159 2819 postquam
1173 2748 1300 2818 praesen·

128 2854 200 2912 tium
214 2858 343 2914 nostrum
358 2859 532 2928 eompertsm
546 2853 655 2927 hebuit,
672 2853 787 2912 obviem
802 2850 884 2911 nobis
898 2866 1030 2925 egressus
1045 2865 1097 2909 nos
1112 2851 1190 2910 iutra
1203 2850 1300 2909 hiber·

128 2959 263 3018 naculum
278 2975 360 3017 sumn
375 2957 465 3018 duxit.
496 2959 540 3019 Ibi
555 2957 743 3019 Wendelinus
757 2957 885 3016 breviter
898 2955 1013 3016 solitum
1031 2955 1199 3028 petitionem
1218 2969 1302 3029 rope-

128 3063 190 3137 tiit,
211 3079 257 3122 me
278 3080 390 3138 quoque
411 3070 565 3140 eapropter
586 3068 615 3124 et
633 3041 689 3122 mei
708 3067 738 3122 et
757 3061 882 3122 trutrm
895 3062 1011 3121 nomine
1025 3061 1128 3122 adesse
1143 3060 1224 3120 dixit
1253 3058 1302 3118 Ad

128 3167 193 3227 hmo
207 3168 320 3243 Viglius
335 3167 496 3243 respondit,
513 3170 538 3227 si
553 3184 606 3227 nos
621 3170 677 3243 ipsi
692 3169 738 3228 vel
753 3169 844 3226 nostri
859 3167 1008 3226 eonsilium
1022 3167 1111 3240 ipsius
1126 3168 1217 3226 secuti
1229 3164 1313 3226 iuis-1

129 3277 208 3348 sent,
228 3274 372 3347 negotium
387 3275 442 3334 hoo
455 3274 501 3334 vel
516 3279 709 3333 snte‘menses
725 3273 851 3347 quinque
866 3271 905 3331 sd
917 3269 1003 3330 linem
1022 3272 1143 3344 produoi
1162 3272 1300 3343 potuisse,

129 3380 284 3451 sumqusm
298 3395 386 3438 esuse
402 3377 580 3440 Coloniensis
602 3377 657 3436 huo
679 3377 815 3436 deuolute
834 3377 881 3435 sit.
911 3377 984 3435 Item
1004 3376 1104 3434 retulit
1121 3375 1205 3434 nobis
1224 3373 1299 3433 Her·

129 3478 265 3544 msnnum
280 3501 298 3544 s
313 3483 594 3559 Molspurgdisertis
609 3483 705 3543 verbis
718 3483 835 3554 dixisse,
851 3483 876 3540 si
892 3479 1075 3540 Colonieuses
1090 3483 1204 3539 eentum
1219 3478 1299 3552 equi·

129 3597 175 3650 tes
190 3590 401 3650 Volokmorism
415 3590 571 3664 mitterent,
589 3588 737 3648 Osttorum
752 3588 886 3662 prinoeps
901 3586 1038 3647 ducentos
1051 3583 1089 3644 ud
1104 3586 1149 3644 his
1162 3584 1299 3645 resisten-

129 3695 200 3754 dum
214 3695 362 3769 missurus,
378 3699 464 3768 etque
479 3693 523 3754 his
539 3695 633 3754 verbis
645 3710 802 3756 oaessresm
817 3693 998 3767 maiestatem
1013 3692 1135 3751 muime
1148 3691 1300 3764 stitutum

129 3805 236 3880 utpote¹
248 3800 297 3874 qui
313 3800 440 3875 dixisset,
457 3801 479 3858 si
496 3799 605 3860 Hessos
620 3799 767 3875 ducentos,
784 3815 839 3874 ego
854 3803 997 3860 trecentos
1011 3796 1133 3857 mittum.
1162 3796 1235 3855 Item
1248 3793 1301 3854 sb·

129 3905 299 3968 solutionem
305 3919 328 3964 e
343 3906 542 3964 commissuris
557 3903 661 3966 foetum
677 3904 790 3980 quidem
806 3920 865 3965 non
879 3898 1005 3977 negant.
1030 3900 1089 3962 Sed
1103 3899 1238 3974 quoniom
1252 3913 1300 3958 oo·

130 4011 213 4069 mites
228 4009 451 4072 Wsldeooensos
466 4024 497 4070 se
512 4025 565 4085 pro
581 4009 717 4084 subditis,
732 4011 786 4070 etsi
799 4009 903 4069 vsselli
917 4006 1066 4067 Gettorum
1081 4011 1190 4080 essent,
1214 4020 1300 4080 repu-

129 4118 242 4189 tsreut,
258 4114 396 4188 idipsum
410 4114 456 4174 hio
471 4116 500 4173 in
516 4113 709 4190 disputatione
724 4131 795 4174 esse.
825 4113 943 4174 Addens
958 4119 1101 4188 proteres
1111 4110 1303 4173 mnditionem

129 4220 303 4281 absolutioni
317 4220 482 4295 adjunctam
498 4235 574 4294 esse,
590 4237 653 4280 eam
668 4220 791 4293 scilieet,
807 4217 1005 4280 Reinlrsrdum
1019 4219 1151 4278 oomitem
1166 4221 1196 4276 et
1209 4216 1298 4276 Jour-

129 4341 196 4385 nem
211 4323 365 4400 Georgium
378 4323 508 4385 Scheden
523 4324 767 4385 sllittelbibrsoh
782 4323 900 4397 quidem
913 4321 1118 4383 Wuldeoosnos
1133 4319 1300 4394 absolvisse,

129 4445 230 4504 rerum
245 4430 372 4505 delego,
394 4435 427 4490 ut
440 4445 574 4490 oeesereoe
589 4429 734 4501 mujeststi
748 4444 779 4487 se
800 4427 968 4488 obedientes
985 4428 1122 4486 sisterent
1141 4429 1172 4484 et
1190 4423 1227 4483 de
1247 4423 1303 4483 hue

128 4550 163 4596 re
177 4536 267 4612 ipsius
283 4535 452 4596 clementius
467 4533 572 4596 elurius
585 4549 758 4608 responsum
770 4532 941 4608 reciperent
964 4531 1039 4592 Tum
1048 4528 1214 4605 woradus,
1229 4527 1302 4589 Pro·
