3017 5225
734 392 802 463 2³0

178 584 256 645 rivos
271 594 413 657 cosmum
427 575 573 643 deducunt
586 578 663 640 oculi
676 578 742 639 mci.
786 574 997 650 Quamobrem?
1012 578 1119 653 mque:
1134 578 1269 639 nimirum
1282 580 1350 655 quia

175 690 223 749 lex
237 693 288 749 tue
304 704 362 749 non
376 686 555 749 observatur.
578 684 685 745 Docuit
699 698 812 767 qnoque
826 684 897 758 quid
911 689 995 757 esset,
1016 684 1125 745 domini
1138 685 1248 744 vultum
1262 700 1350 759 super
1430 683 1435 691 '
1490 677 1491 688 ’

177 810 230 853 nos
245 792 395 865 illustrari,
418 790 527 849 scilieet
548 790 632 849 deum
653 788 735 850 nobis
751 804 814 849 esse
829 790 985 863 propitium
998 794 1029 849 et
1041 806 1184 865 serenam,
1208 794 1241 849 ut
1254 790 1347 864 loqui-

175 914 256 971 mur,
276 896 399 957 frontem
423 912 454 955 se
474 895 557 955 nobis
577 895 743 968 ostendere,
767 896 841 953 sicot
863 898 893 953 et
913 895 989 953 alins
1002 896 1129 969 psalmus
1142 894 1244 955 babet:
1268 894 1350 954 Deus

180 1004 348 1062 miserentur
363 1002 455 1061 nostri
471 1005 501 1061 et
513 999 665 1062 benedicat
679 999 773 1072 nobis,
783 999 925 1058 illuminet
937 996 1040 1059 isoiem
1054 1017 1136 1059 suam
1149 1017 1237 1075 super
1251 1017 1304 1060 nos
1319 1005 1350 1059 et

178 1109 348 1169 misereatur
363 1106 463 1166 nostri.
503 1105 624 1165 Dicebat
639 1118 753 1178 quoque
768 1104 857 1164 verba
871 1104 918 1163 dei
932 1105 1166 1179 contestationes,
1182 1104 1350 1178 obtestatio-

179 1230 231 1272 nes
247 1216 276 1272 et
290 1212 453 1271 testimonia
472 1210 543 1284 dici,
565 1225 623 1269 non
642 1224 695 1283 pro
716 1224 796 1268 mors
820 1207 982 1284 bominum,
1004 1208 1057 1269 sed
1078 1208 1157 1283 quod
1177 1206 1297 1267 verbum
1311 1208 1351 1266 sit

177 1320 273 1391 imago
287 1318 390 1377 mentis
406 1320 437 1373 et
449 1316 593 1373 immense
614 1314 751 1375 bonitatis
771 1313 818 1373 dei
836 1315 929 1387 patris
948 1330 1019 1388 erge
1036 1330 1090 1373 nos
1105 1294 1349 1374 evidentissimum

177 1426 383 1498 argumentum.
424 1421 559 1479 Testetur
580 1422 675 1477 autem
696 1417 767 1477 deus
782 1416 934 1491 dupliciter
948 1435 1000 1492 per
1015 1419 1147 1494 exempla
1159 1423 1193 1480 ut
1206 1415 1354 1479 benefecit

177 1528 282 1603 populo
298 1526 390 1585 Israel
404 1531 435 1585 et
448 1540 500 1599 per
515 1524 666 1598 loquentes
680 1523 852 1598 scripturus.¹
1272 1574 1278 1579 .

266 1630 388 1689 Domine
411 1628 481 1689 deus
499 1629 575 1689 bone
594 1628 758 1687 misericors
777 1632 807 1686 et
823 1628 917 1702 Juste,
944 1627 1079 1701 quoniam
1095 1628 1179 1702 iuxta
1192 1629 1306 1701 psalten
1320 1633 1352 1687 et

178 1750 276 1809 regem
289 1739 371 1793 tuum
385 1732 523 1793 Davidem
540 1732 658 1793 verbum
677 1738 771 1807 tuum,
797 1732 848 1791 ubi
861 1733 1021 1805 revelntuur
1034 1731 1136 1808 luerit,
1161 1731 1350 1791 conscientias

180 1839 321 1899 exhilaret
341 1845 370 1898 et
393 1838 582 1913 simplicibus,
606 1837 664 1897 imo
687 1838 815 1911 parvulis
842 1835 872 1921 et
896 1837 1037 1911 despectis
1057 1838 1231 1898 intellectum
1251 1837 1351 1896 dotet

180 1944 333 2017 illuminat,
358 1959 394 2002 ne
416 1942 540 2003 soorde
561 1950 591 2004 et
611 1958 661 2003 ore
680 1950 779 2003 nostro
802 1943 920 2005 verbum
946 1949 1027 2002 tuum
1053 1941 1169 2005 auferre
1188 1942 1273 2015 velis,
1296 1957 1351 2015 per

179 2050 273 2125 ipsum
285 2049 406 2110 verbum
426 2055 456 2109 et
477 2046 567 2107 lilium
586 2055 668 2108 tuum
682 2048 782 2109 iesum
797 2047 941 2108 christum
964 2048 1109 2108 dominum
1127 2053 1257 2120 nostrum
1271 2062 1349 2121 qsae·

180 2170 293 2231 sumus,
313 2155 400 2228 idque
415 2155 471 2215 hoo
492 2156 673 2230 potissimum
685 2161 829 2229 tempore,
855 2164 919 2211 curu
939 2160 1084 2228 exurgunt
1094 2155 1212 2228 tyranni
1225 2157 1350 2227 utroque

180 2260 276 2335 gladio
292 2252 345 2322 nos
359 2260 540 2334 impetentes,
563 2258 619 2320 hoc
634 2265 686 2334 est,
711 2264 740 2318 et
754 2260 783 2318 vi
799 2262 829 2320 et
843 2258 960 2317 dnistrs
974 2256 1094 2319 salvifici
1108 2256 1189 2318 serbi
1202 2260 1246 2317 tui
1258 2258 1349 2317 iuter·

182 2366 359 2438 pretatione,
383 2370 413 2423 et
427 2364 465 2424 ds
478 2362 576 2423 firmos
589 2378 654 2423 esso
672 2378 791 2439 gressus
810 2368 926 2440 nostros
940 2364 971 2421 in
984 2360 1154 2439 verbotuo,
1173 2380 1211 2423 ne
1224 2380 1277 2425 uos
1293 2364 1352 2423 suis

183 2468 423 2529 terriculamentis
439 2466 549 2529 sathan
563 2470 678 2528 territet
692 2473 743 2528 aut
757 2466 980 2527 transformatus
994 2469 1025 2525 iu
1040 2468 1174 2542 angelum
1187 2468 1258 2529 lucis
1272 2462 1353 2528 blan·

181 2573 315 2633 dmenbs
330 2558 414 2646 hujus
433 2571 532 2632 mundi
553 2577 582 2632 et
603 2573 691 2634 variis
712 2573 799 2632 sectis
813 2566 875 2632 suis
888 2574 1021 2648 seducat,
1037 2578 1067 2633 et
1077 2591 1118 2644 ,ne
1131 2574 1351 2650 permittes-ini·

182 2680 321 2756 quitatem
344 2679 426 2739 uobis
456 2677 607 2740 dominari.
654 2679 802 2752 Quirinii
824 2684 855 2738 et
882 2683 988 2754 regnas
1009 2695 1074 2738 cum
1096 2680 1198 2740 eodem
1219 2676 1279 2739 filio
1301 2686 1352 2740 tuo

180 2787 211 2844 et
239 2785 342 2858 spiritu
369 2771 469 2845 sancto
498 2783 568 2845 deus
596 2785 689 2844 trinus
716 2785 797 2844 vivus
826 2790 857 2845 et
883 2801 958 2844 unus
989 2785 1157 2846 benedictus
1184 2787 1215 2844 in
1243 2785 1350 2846 secula.

178 2888 281 2949 Amen.
1047 2964 1051 2971 ,
1217 2887 1220 2892 ’

267 2991 363 3072 Nota,
380 2998 497 3058 comites
522 2995 558 3057 de
574 2994 792 3070 Schwartzburg
813 3011 845 3055 se
859 2997 928 3056 olim
942 3000 1091 3076 scripsisse
1105 2999 1133 3058 N
1149 3005 1179 3059 et
1191 2999 1220 3058 N
1235 3001 1353 3060 comites

180 3105 213 3164 in
229 3100 447 3176 snuwuabur'g
469 3106 499 3164 et
522 3100 651 3160 dominos
673 3102 704 3159 in
725 3101 852 3176 Roneis,
873 3119 937 3162 cum
959 3121 1022 3166 eom
1036 3122 1132 3166 arcem
1146 3123 1222 3166 nuuc
1235 3109 1354 3166 teneant

180 3208 290 3270 nobiles
312 3201 348 3268 do
370 3207 590 3272 Brasuennern.
636 3208 749 3266 Dicitur
771 3213 867 3268 sutem
889 3225 955 3270 esse
976 3211 1082 3272 donum
1105 3211 1251 3273 Wilbelmi
1272 3211 1353 3275 ducis

182 3315 322 3378 Senoniae.
781 3322 784 3326 “
1046 3399 1049 3406 Ι
1223 3322 1225 3329 ’

268 3421 381 3482 Eadem
404 3422 522 3504 domina
542 3433 640 3484 socrus
660 3433 713 3491 per
732 3418 876 3485 loannem
897 3423 979 3482 nobis
994 3442 1017 3484 a
1035 3422 1156 3498 pedibus
1181 3423 1354 3484 cWiruaria

181 3527 264 3589 nobis
277 3529 435 3602 rescripsit,
452 3543 483 3586 se
496 3540 615 3602 sperare
630 3540 749 3586 uxorem
764 3532 892 3588 nostram
906 3544 964 3591 non
978 3529 1057 3604 adigi
1070 3530 1309 3604 adjuramentum
1321 3530 1352 3588 in

181 3632 398 3694 renunciatione
418 3633 616 3706 praescriptum
639 3633 843 3706 praestandum.
873 3634 1015 3695 Itemnos
1028 3634 1260 3709 reliquumdotis
1274 3641 1354 3696 eute-

184 3752 270 3811 quem
283 3736 350 3794 hinc
366 3734 575 3796 discederemus
590 3745 767 3812 accepturos.
1318 3717 1321 3727 Δ

270 3839 348 3900 Note
367 3838 405 3899 de
423 3840 525 3915 poculo
539 3840 656 3902 domino
668 3842 787 3903 Anarck
806 3844 843 3925 de
857 3844 1027 3906 Wildenfels
1045 3852 1075 3906 et
1094 3846 1210 3909 domino
1225 3847 1354 3908 liertiae

180 3944 308 4005 Luthero
322 3947 352 4005 in
368 3946 594 4023 oeloidsmixto,
612 3965 648 4008 ex
662 3965 720 4023 qno
734 3950 851 4024 potione
866 3966 961 4011 comes
974 3953 1039 4026 plus
1054 3953 1162 4012 centies
1176 3952 1352 4026 subseqnen-

179 4055 237 4110 tom
252 4057 364 4128 noctem
380 4057 410 4111 et
424 4052 500 4116 diem
514 4053 627 4113 alveum
647 4054 745 4114 levare
765 4039 960 4130 amtorem,
985 4055 1130 4117 Lutberus
1151 4074 1222 4118 vero
1242 4057 1353 4134 diutino

179 4155 279 4216 morbo
295 4155 417 4216 afflictus
433 4145 546 4216 Christo
562 4173 675 4232 quoque
691 4160 807 4234 auspice
821 4161 926 4235 erasit,
943 4167 976 4221 ut
989 4162 1035 4221 bic
1050 4161 1158 4223 Christi
1170 4163 1307 4222 verbum:
1323 4163 1355 4223 Si

181 4258 250 4333 quid
271 4259 358 4320 letale
379 4261 520 4336 biberint,
544 4279 603 4322 non
625 4263 739 4324 nocebit
760 4265 817 4339 eis,
839 4265 933 4325 locum
955 4267 1063 4328 babere
1082 4258 1241 4340 videatur„
1260 4268 1355 4328 Erant

181 4370 276 4425 nutem
290 4365 353 4424 baec
366 4364 564 4440 praeubenrno
578 4369 721 4443 amicitis,
738 4385 825 4442 quam
836 4365 984 4444 experturi
996 4379 1094 4432 essent
1103 4373 1268 4434 adsertores
1281 4373 1356 4432 reri·

179 4471 247 4530 tetis
262 4470 300 4531 ab
314 4469 498 4532 adversariis.
