3017 5225
719 395 798 463 347

176 582 264 657 55551
277 580 419 656 5555511115
431 582 492 654 jam
507 578 614 641 dudum
629 579 778 653 55551511,
790 576 929 660 mundum
938 579 1024 641 'huno
1038 579 1159 657 (1551511,
1186 582 1262 643 idern
1276 600 1348 657 quo·

178 702 234 761 que
249 683 331 746 suam'
345 686 538 759 eeclesiam-et
552 686 582 745 in
596 684 821 759 hisregionibus
836 690 937 744 contra
953 684 1089 745 sathanae
1104 704 1237 761 squamas
1251 695 1281 748 et
1295 698 1346 763 pa-

177 792 258 865 pales
273 788 406 865 strophas
421 791 457 848 in·
467 806 537 849 sana
552 789 683 849 docmina
698 794 727 847 et
741 804 911 849 conservare
926 794 957 849 et
970 791 1073 865 spiritu
1082 806 1140 876 'suo
1155 788 1348 870 boneregere

179 896 312 983 oumldeo
331 900 415 969 patre
437 910 561 969 regnans
583 890 731 968 dignetur,
754 894 802 951 551
820 909 921 953 rursus
941 895 1092 958 55515511
1109 896 1218 973 honor,
1241 898 1303 958 1555
1317 895 1349 959 51

170 1002 282 1077 ‚gloria
306 998 407 1059 Amen.
825 985 830 989 ’
986 1046 989 1050 .

209 1137 214 1146 ‹
266 1104 349 1165 Hunc
368 1118 447 1163 snam
466 1101 691 1163 misericordiam
710 1102 781 1165 deus
803 1091 918 1164 abunde
937 1103 968 1161 in
991 1103 1047 1163 hac
1069 1106 1242 1180 regiuncula
1257 1121 1347 1179 usque

176 1208 216 1271 ad
229 1210 304 1268 hunc
324 1208 400 1267 diem
419 1208 476 1282 xvij
493 1207 623 1268 Octobris
643 1204 722 1267 Anni
749 1208 833 1267 1555
858 1209 961 1283 patriae
975 1210 1123 1284 praestitit,
1148 1210 1194 1269 eui
1208 1214 1348 1284 perpetua

178 1315 337 1389 gratiarnm
351 1312 426 1373 actio
442 1316 472 1373 et
483 1312 587 1387 gloria.
610 1310 712 1372 111555.
900 1296 904 1304 ’

267 1418 351 1478 Anno
377 1402 534 1477 5515111555
558 1416 762 1491 redemptionis
784 1422 892 1477 nostrae
916 1420 1160 1492 sesquimillesimo
1186 1418 1346 1493 quadrage·

178 1524 250 1583 aimo
265 1522 342 1582 nono
357 1521 403 1580 die
418 1523 494 1605 lunae
509 1527 576 1597 5551
589 1522 702 1597 Judioa,
726 1538 790 1596 qua
805 1529 869 1582 erat
883 1528 985 1585 ocuva
1001 1524 1112 1599 Aprilis
1126 1526 1156 1583 15
1170 1530 1255 1587 55515
1269 1527 1348 1583 15155

165 1628 318 1687 vdecimam
334 1632 363 1686 et
377 1617 554 1687 undecimam
569 1628 664 1701 horas,
682 1627 750 1687 dum
764 1628 809 1687 sol
823 1629 943 1687 5555115
957 1630 1072 1704 ariete,
1088 1630 1158 1692 deus
1172 1630 1222 1689 ille
1236 1630 1346 1688 miseri-

180 1732 342 1792 cordiarum
356 1737 455 1806 pater,
480 1732 601 1806 largitor
624 1734 748 1791 omnium
763 1731 904 1792 honorum
919 1735 1065 1793 comitatui
1079 1719 1146 1812 huic
1158 1714 1305 1795 benedixit
1319 1739 1349 1793 et

178 1836 294 1899 Eubulo
319 1852 354 1895 ex
376 1850 466 1896 uxore
489 1836 715 1897 sua·Anastasia
739 1852 880 1911 prospero
902 1843 990 1912 partu
1013 1837 1133 1899 filiolum
1153 1840 1274 1914 largitus
1294 1843 1348 1897 est.

163 1944 253 2003 -Huic
273 1942 360 2017 igitur
381 1940 522 2000 conditori
542 1946 572 2001 et
595 1942 735 2000 servatori
757 1942 882 2001 omnium
908 1942 1064 2002 virentium
1087 1946 1118 2002 in
1136 1946 1208 2008 lesu
1224 1943 1347 2017 Christo,

167 2048 295 2107 >domino
316 2052 345 2107 51
366 2046 521 2107 liberatore
542 2052 642 2107 nostro
663 2035 726 2104 cuin
746 2063 769 2120 5.
786 2048 890 2121 5515115
904 2054 1045 2122 perpetua
1060 2047 1188 2123 sitlans,
1212 2050 1305 2122 gioria
1320 2054 1349 2107 et

180 2154 272 2213 omnis
286 2153 388 2211 honor.
409 2150 509 2211 Amen.
547 2151 658 2210 Dehinc
676 2150 723 2209 die
743 2151 820 2209 luna
835 2156 901 2224 post
915 2152 1096 2229 Modogeniti
1116 2154 1163 2217 hie
1176 2150 1282 2226 filiolus
1295 2168 1347 2212 no·

180 2264 240 2317 ster
262 2252 473 2329 susceptoribus
496 2256 610 2315 nomine
631 2255 778 2315 Francisci
797 2257 1092 2344 Mimigaruordensis,
1118 2257 1349 2330 osnabrugensis
1414 2290 1419 2297 ·

180 2368 209 2423 et
230 2362 339 2423 Mindae
354 2360 495 2436 praesulis,
512 2359 636 2434 Georgia
651 2360 759 2435 Nagol,
780 2360 897 2435 satrape
918 2364 948 2422 in
964 2362 1153 2437 Sassenburg,
1169 2363 1286 2421 nomine
1297 2377 1348 2421 no-

170 2482 271 2529 uerca
294 2472 399 2528 nostrae
418 2468 531 2527 loanne
557 2463 648 2551 155155
672 2471 772 2525 nocuo
794 2471 824 2526 et
840 2466 969 2553 Arnoldo
993 2466 1084 2527 155155
1102 2472 1202 2547 nostro
1223 2467 1349 2541 5155155,

180 2573 282 2634 comite
311 2573 341 2632 in
369 2566 772 2646 515151555151Β55155155,
806 2570 921 2632 domino
947 2566 1209 2648 Wovelinlrhoven,
1224 2572 1350 2649 ¹laurera

179 2683 369 2738 sacrosanctae
384 2676 611 2750 regenerationis
626 2676 738 2750 accipit,
764 2691 868 2734 nomen
882 2677 924 2736 illi
938 2675 1059 2736 inditum
1074 2679 1192 2736 Frantz.
1232 2677 1350 2736 055515-

178 2798 243 2842 nem
258 2797 369 2841 sacram
379 2781 515 2854 magister
521 2779 656 2841 hibertus
663 2780 769 2855 Draco,
780 2781 959 2840 ecclesiastes
972 2780 1097 2841 dominae
1113 2797 1221 2855 socrus,
1237 2781 1347 2854 hahuit,

178 2885 405 2947 Burtoldusrero
412 2883 473 2944 Gall
481 2890 659 2946 sacramenta
665 2887 800 2959 baptismi
808 2885 1018 2945 administravit
1024 2887 1053 2944 in
1062 2887 1217 2960 5555555115
1226 2886 1349 2945 domina

180 2979 356 3066 0511155155,
369 2979 479 3054 ,555555
501 2994 622 3077 nostras,
651 3008 715 3052 555
729 2997 760 3051 51
777 2988 902 3050 filiarum
923 3007 1039 3050 5555555
1057 2991 1186 3049 Aemiliae
1206 2997 1236 3050 51
1256 2991 1349 3049 Annae

178 3098 292 3170 Mariae,
307 3111 361 3154 neo
375 3109 434 3154 555
448 3094 579 3170 dominae,
591 3094 760 3173 walpurgis
773 3097 871 3154 uxoris
885 3077 986 3155 fratris
1000 3098 1093 3156 nostri
1105 3095 1238 3171 Arnoldi,
1253 3095 1350 3170 ngue-

178 3203 216 3262 tis
233 3202 294 3275 ejus
309 3198 376 3258 filiae
400 3203 429 3258 51
441 3199 535 3260 Anna
556 3185 780 3275 aTeokenhurg
802 3200 1009 3275 desponsandae
1024 3201 1128 3274 nepoti
1149 3205 1249 3281 nostro
1271 3201 1347 3259 Eve-

178 3307 242 3366 5155
256 3306 378 3366 Arnoldi
393 3302 462 3364 filio.
484 3321 486 3325 ·
500 3304 547 3363 Ex
561 3302 703 3363 nobilibus
719 3302 868 3365 comitatus
887 3305 978 3364 nostri
996 3306 1062 3364 huic
1076 3318 1159 3364 sacro
1174 3305 1256 3377 operi
1269 3311 1346 3364 asta·

178 3410 249 3470 bant
262 3409 445 3470 Hermannus
461 3425 478 3468 a
493 3407 713 3468 Wolmerhusen
728 3424 791 3467 cum
806 3426 896 3469 uxore
911 3413 972 3484 555,
994 3411 1177 3468 Hermannus
1192 3425 1210 3466 a
1225 3409 1348 3468 Zertaen

179 3520 208 3575 et
222 3531 296 3574 uxor
311 3517 387 3588 ejus,
407 3514 535 3574 loannes
550 3529 568 3571 a
585 3512 808 3582 855555155151
826 3531 899 3575 uxor
917 3517 980 3589 ejus
995 3521 1025 3574 et
1039 3512 1191 3588 praefectus
1206 3512 1347 3571 Waldeck

177 3619 305 3680 loannes
319 3636 339 3680 a
352 3617 472 3678 Honfels
487 3634 551 3677 cum
565 3633 655 3676 uxore
670 3634 739 3692 555,
756 3618 886 3678 loannes
901 3624 931 3678 51
944 3620 1047 3678 Daniel
1062 3637 1080 3677 a
1096 3617 1228 3679 Geismar
1242 3615 1347 3676 1551555

178 3727 317 3798 germani,
333 3723 561 3786 Reinharduset
576 3721 718 3797 Gasparus
733 3739 751 3780 a
766 3721 878 3796 Dalwig
893 3730 923 3783 51
936 3722 988 3782 filii
1002 3723 1060 3783 duo
1073 3723 1241 3796 Rcinhardi,
1257 3722 1346 3782 1555-

178 3845 261 3888 5555
276 3826 448 3902 Gaugrehen
463 3827 581 3889 51111155
596 3828 667 3902 eius,
681 3811 864 3899 Hrrnpannus
879 3831 909 3885 51
922 3828 1031 3905 Wulph
1049 3828 1093 3886 las
1108 3827 1144 3887 ab
1159 3825 1280 3898 Othlair‚
1295 3810 1346 3884 Jo-

179 3933 266 3993 doous
281 3931 487 4007 aGraisehait,
511 3921 619 4006 Caspar
635 3932 747 3991 Schode
763 3929 909 3991 Ghunradi
923 3931 1008 4007 filius,
1034 3917 1208 3991 Lehenstein
1222 3947 1240 3988 a
1254 3930 1347 4003 Rhea,

178 4035 309 4096 Goddert
323 4053 341 4095 a
355 4028 587 4111 Volmerckuaen,
605 4035 715 4111 Caspar
730 4053 748 4095 a
762 4034 912 4108 Dorveldt,
923 4035 1111 4109 -Meinolphus
1127 4041 1156 4094 et
1171 4035 1315 4108 Oasparus
1330 4051 1349 4092 a

178 4140 299 4214 (ioman,
319 4141 486 4202 Bernardus
508 4142 658 4216 ahEppe,
682 4140 813 4201 eonsules
828 4139 998 4214 oppidorum
1015 4139 1153 4212 Gerlach,
1177 4138 1346 4212 Wildungii,

179 4245 388 4320 Sassenhausii‚
405 4237 553 4321 waldach,
570 4245 757 4322 Sassenberg,
773 4247 822 4318 qui
838 4248 868 4303 et
881 4255 971 4318 puero
986 4242 1063 4302 dona
1077 4246 1174 4329 largiti
1188 4248 1263 4315 sunt.
1273 4244 1345 4319 ‚Ex-

179 4355 306 4410 terorum
329 4339 443 4410 nomina
464 4349 560 4433 studio
580 4352 745 4426 supprimo,
769 4367 807 4409 55
826 4348 908 4417 iliud
920 4363 1050 4422 quaerere
1064 4349 1173 4408 videar.
1210 4348 1305 4420 Hujus
1320 4353 1350 4406 et

184 4455 333 4534 historiam
347 4454 512 4516 Joachimus
527 4453 688 4530 Happelius
699 4441 944 4531 Bidencappensis
958 4452 1052 4527 patria
1072 4457 1101 4511 51
1115 4453 1184 4511 civis
1199 4451 1350 4512 Corbaohii
