3017 5225
139 619 208 687 dem
222 642 337 706 quoque
352 626 475 702 primum
491 622 651 690 andivimus
666 625 704 687 de
723 624 859 689 Conrado
876 628 1003 704 Pennig,
1025 621 1075 704 qui
1092 631 1183 691 millio
1203 632 1313 706 aliquot
1406 696 1411 701 ,

140 730 271 808 peditum
285 732 456 793 conduxisse
471 730 629 793 dicebatur.

230 838 312 911 xxiiij
329 838 409 897 dunii
423 836 539 897 werdae
555 836 593 897 ad
607 837 773 898 Danubium
787 838 923 898 Liberius
938 846 968 898 et
981 838 1127 901 Adrianus
1141 844 1313 917 expectandi

141 949 235 1003 crant.
266 940 378 1003 Ibidem
394 948 503 1017 autem,
527 929 594 1016 quia
609 947 642 1002 et
653 943 812 1003 dominicus
827 942 887 1001 dies
904 931 934 1003 ιι
947 942 1028 1004 ieriae
1043 946 1164 1005 Jeannis
1178 948 1311 1021 baptista

142 1054 360 1123 sacrae‘cssent,
383 1064 441 1107 non
456 1064 515 1108 una
529 1063 613 1109 sacra
626 1051 726 1108 concio
741 1049 841 1109 habita
855 1054 908 1136 est.
939 1048 1015 1109 Nam
1029 1048 1106 1111 inira
1119 1053 1269 1126 septimam
1283 1061 1314 1115 et

131 1146 249 1215 nonam
263 1153 350 1213 horas
365 1154 491 1212 ecclesiae
506 1154 637 1213 minister
651 1158 681 1213 et
694 1152 893 1227 ludimagister
907 1170 970 1213 cum
990 1154 1122 1216 sodalitio
1142 1156 1312 1219 scholastico

141 1259 293 1319 introitum
309 1258 472 1318 cantabant.
503 1258 617 1317 Deinde
633 1258 736 1332 aliquis
751 1260 946 1317 ministrorum
961 1260 1041 1319 uerbi
1055 1262 1166 1335 mpure,
1180 1262 1315 1337 spiritum·

142 1364 251 1425 domini
266 1362 439 1437 imprecatus
459 1368 510 1422 cst.
551 1362 706 1423 ballaenam
726 1366 757 1422 in
777 1369 877 1430 nostro
897 1362 1032 1424 idiomate
1053 1364 1231 1443 decantavit,
1255 1384 1312 1442 qua
1407 1347 1410 1352 ⁵

141 1468 223 1529 finita
244 1470 376 1528 minister
399 1473 563 1541 suggestum
586 1468 715 1527 ascendit
737 1470 836 1542 legens
858 1470 1008 1542 epistolam
1031 1487 1067 1530 ea
1088 1472 1229 1533 dominica
1257 1490 1312 1547 pro

141 1572 369 1637 ιιιιιιιιιιιιιιι
379 1589 458 1633 more
466 1574 524 1647 legi
539 1573 662 1647 solitam,
679 1590 713 1633 ac
727 1576 758 1633 in
771 1574 892 1633 ambone
907 1570 1072 1651 expetam,
1089 1576 1181 1638 donec
1195 1578 1312 1653 alleluJ'a

142 1680 326 1740 decantatum
342 1685 414 1741 erat.
450 1674 521 1737 Post
536 1678 614 1752 quod
628 1678 704 1738 idem
717 1680 849 1739 minister
863 1680 1044 1754 euangelium
1058 1698 1095 1741 ex
1109 1683 1190 1743 Luca
1203 1699 1266 1757 cap.
1292 1686 1310 1742 6

142 1786 222 1859 legit,
238 1784 362 1857 sedicet:
380 1784 500 1844 «Estote
509 1800 578 1857 ergo
587 1784 795 1858 misericordes,
810 1784 886 1843 sicut
899 1790 929 1843 et
943 1791 1028 1860 pater
1042 1794 1137 1848 vestm
1151 1789 1319 1869 misericors⁸

128 1893 196 1949 est.
219 1888 467 1973 manutenere,
484 1894 514 1949 et
528 1888 816 1962 conjectabamus»
834 1896 888 1948 aa.
910 1890 950 1949 ιι
965 1891 1006 1950 stc
1027 1886 1165 1953 necans.
1183 1872 1312 1955 nemra

142 2010 213 2055 vero
229 1993 613 2077 qui-concionaturus‘cret,
635 1993 720 2053 credo
735 1994 766 2052 in
785 1994 870 2053 deum
890 1997 982 2069 canit,
1007 2012 1042 2055 ac
1061 1994 1260 2073 ludimagister
1278 2016 1313 2060 ac

141 2100 257 2173 reliqua
272 2098 391 2159 ccclesia
405 2098 564 2173 symbolum
579 2100 736 2177 suscipiens
757 2100 918 2173 germanice
938 2085 1010 2160 illud
1029 2103 1162 2176 complet.
1194 2103 1312 2163 Interim

140 2204 328 2264 concionator
342 2204 492 2268 ambonem
507 2204 685 2278 conscendit,
710 2206 809 2277 paucis
824 2187 961 2277 uraefatus
979 2207 1113 2267 invocato
1132 2205 1310 2267 nomincdi·
1336 2243 1340 2248 ,

143 2311 212 2369 ιιιο
227 2305 257 2369 ιι
271 2308 348 2369 diota
363 2308 493 2367 oratione
508 2309 662 2385 dominica,
687 2309 867 2383 evangelium
882 2324 940 2369 non
955 2316 988 2369 nt
1002 2313 1090 2370 moris
1105 2316 1150 2373 est
1169 2313 1309 2387 relegens,

143 2415 195 2474 sed
209 2412 306 2473 stetim
322 2414 528 2486 expositionem
542 2416 604 2489 cJ'us
619 2414 796 2491 aggreditur,
813 2415 925 2474 dicenst
938 2415 1069 2492 Audistis
1081 2418 1112 2476 in
1126 2420 1311 2478 enarratione

144 2520 247 2593 capide
261 2518 347 2593 hujus
362 2524 430 2578 ante
445 2519 551 2595 paucos
567 2518 627 2579 dies
645 2526 673 2579 et
687 2520 773 2594 hujus
784 2519 927 2593 jamlacti
941 2501 1216 2595 evangelii-tcum.
1240 2522 1311 2583 Ani-

142 2624 378 2685 madvertendum
394 2641 463 2707 uero
479 2630 536 2698 est,
561 2625 637 2699 quod
652 2625 783 2685 Christus
798 2626 857 2685 duo
872 2626 917 2684 his
932 2628 1028 2685 verbis
1042 2628 1198 2688 admonere
1212 2631 1310 2702 voluit,

144 2707 232 2789 unum
247 2732 281 2790 nt
294 2730 447 2805 dissipantes
463 2731 500 2792 ad
515 2728 640 2789 luituram
649 2733 878 2804 pemecntionem
886 2724 1082 2818 praemuniret,
1098 2732 1311 2806 quobaberant,

143 2851 201 2910 qno
216 2851 247 2927 se
269 2835 495 2895 consolarentur.
526 2825 708 2895 Arbitrdmur
730 2836 806 2894 enim
826 2835 903 2909 quod
923 2852 982 2895 non
1000 2837 1060 2895 sint
1079 2837 1229 2920 condigna
1247 2855 1328 2912 pas-.
1417 2844 1420 2846 ’

142 2941 240 3024 siones
254 2941 339 3013 hujus
353 2941 505 3001 mundiad
520 2957 583 3001 eam
598 2957 663 3016 quae
677 2940 819 3002 relabitur
834 2940 954 3016 gloriam
968 2947 1021 3001 etc.
1053 2942 1136 3001 Dixit
1149 2943 1239 3021 anim,
1260 2944 1311 3018 ait,

145 3063 222 3121 «ego
235 3049 318 3106 mitto
333 3063 384 3106 vos
399 3041 473 3106 sicut
487 3061 554 3108 ones
569 3049 600 3105 in
615 3046 708 3106 medic
721 3046 875 3138 luporum
892 3053 946 3107 etc.
969 3048 1101 3108 Alterum
1112 3047 1313 3123 quoddocerat

143 3135 302 3227 discipulos
322 3151 486 3211 discernere
501 3153 693 3228 evangelicam
705 3154 851 3225 J'usticiam
870 3169 888 3211 a
906 3154 1024 3226 justicia
1043 3154 1113 3226 legs
1145 3155 1312 3238 Quanquam

144 3255 277 3316 Dlnristus
291 3256 339 3316 bio
353 3273 411 3316 non
425 3259 560 3330 loquatur
575 3259 611 3317 de
624 3257 740 3341 iusticia
756 3257 893 3316 salvante.
917 3256 992 3317 llam
1007 3257 1085 3316 salus
1098 3274 1152 3333 per
1167 3256 1312 3318 Christum

144 3377 180 3420 ιι
196 3363 325 3436 gratuita
339 3363 536 3424 misericordia
551 3361 639 3424 nobis
649 3361 737 3420 venit.
716 3360 862 3420 tNimis
878 3362 953 3418 enim
968 3339 1043 3420 exile
1058 3367 1088 3419 ct
1106 3368 1192 3420 tenue
1212 3368 1257 3421 est
1274 3362 1311 3419 ad

143 3467 267 3526 salutem
281 3481 363 3526 omne
379 3467 462 3542 illud,
487 3466 626 3542 quidqudd
641 3467 746 3526 nostris
765 3463 902 3540 operibus
921 3462 1035 3525 efficere
1054 3456 1214 3540 possumus
1254 3465 1312 3526 Sed

144 3569 276 3630 Christus
291 3573 338 3631 hio
352 3571 455 3632 dooere
471 3562 574 3647 uoluit,
592 3573 735 3647 quomodo
751 3587 803 3636 nos
818 3588 888 3646 erga
902 3574 1047 3648 proximos
1062 3565 1176 3631 nostros
1196 3559 1310 3646 gerere·

144 3681 275 3736 museto
306 3667 431 3752 Ecquid
454 3679 492 3738 sit
515 3680 591 3752 quod
611 3681 824 3754 scriptumest:
850 3677 1096 3736 «Μιιιιιιιιιιιιι
1117 3677 1182 3737 volo
1205 3682 1235 3761 et
1255 3658 1312 3735 non

144 3781 345 3842 sacrificium.»
378 3768 442 3844 Hoc
456 3784 520 3844 loco
535 3789 630 3842 autem
645 3785 830 3854 concionator
845 3783 915 3856 quid
928 3781 1124 3842 misericordia
1139 3783 1189 3857 sit,
1206 3771 1315 3842 (ιιιιιιι

144 3887 241 3945 docuit
255 3891 285 3946 ct
300 3888 350 3961 qui
365 3904 401 3948 ea
415 3890 581 3962 praestanda
596 3890 646 3962 sit,
670 3889 809 3962 adjiciens
822 3903 885 3946 non.
899 3888 991 3946 solum
1014 3885 1237 3969 misericordiam
1256 3886 1324 3946 dici·

145 3991 223 4065 qnod
236 3992 369 4052 mendico
385 3987 436 4052 aut
448 3994 557 4067 petenti
579 3995 681 4068 stipem
703 3999 754 4052 aut
774 3975 919 4051 nummum
939 3992 1073 4066 largiaris
1094 3996 1145 4049 aut
1164 3993 1247 4050 amici
1267 3993 1313 4051 vel

144 4099 313 4172 agrotantis
327 4098 374 4158 vel
388 4095 487 4158 afflicti
501 4101 591 4158 vicem
606 4099 714 4174 doleas,
730 4097 762 4158 id
778 4098 853 4156 enim
864 4101 939 4157 teste
953 4095 1067 4160 (ιιιιιιιι
1082 4098 1170 4165 etiam
1185 4098 1313 4157 ethnicos

144 4200 249 4261 facere.
282 4202 338 4262 Sed
353 4203 384 4262 id
403 4218 467 4262 esse
486 4204 711 4292 misericordiam
731 4203 806 4261 siout
826 4207 924 4275 pater
929 4201 1054 4262 eoelestis
1074 4186 1236 4260 ιιιιιιίιοιι
1259 4209 1311 4276 est,

144 4309 195 4380 qui
211 4308 300 4368 solem
314 4315 398 4366 sunm
419 4307 585 4380 admirabile
608 4279 687 4370 illud
701 4312 802 4368 lumen
818 4313 847 4367 ιι
866 4308 949 4368 bonis
968 4313 999 4366 ιι
1018 4298 1101 4365 malis
1120 4307 1216 4367 lucere
1236 4288 1311 4380 sinit,

126 4401 195 4484 'qui
216 4411 246 4470 in
266 4427 338 4486 agro
358 4411 480 4471 hominis
499 4414 625 4472 timentis
652 4414 736 4472 deum
759 4409 872 4486 segetes
894 4428 1024 4472 crescere
1043 4413 1105 4470 et
1096 4429 1125 4469 ιι
1145 4429 1216 4486 agro
1235 4413 1313 4471 athei

147 4527 231 4590 aque
244 4514 355 4604 frustm
370 4517 519 4577 uberiores
534 4517 585 4576 dat
599 4521 653 4576 etc.
675 4516 725 4576 Ut
738 4512 814 4576 idem
828 4516 883 4577 hoe
896 4518 992 4576 multis
1011 4515 1049 4575 da
1068 4515 1243 4588 benignitate
1266 4515 1313 4575 dei
