3017 5225
716 398 779 463 iss

161 576 251 656 petua
266 583 360 655 suut„
380 578 493 639 Deinde
514 579 659 652 digressus
679 579 827 642 Masculus
848 580 888 638 ad
900 578 976 639 hauc
995 581 1166 641 seutentiam
1180 580 1332 641 enucleare

160 686 254 751 damn
266 685 341 757 Quia
355 700 412 743 uon
426 689 570 743 noverunt
583 700 628 743 me
642 698 736 756 neque
751 699 816 744 eum
831 686 881 756 qui
895 686 972 743 misit
986 702 1032 743 rue
1046 690 1101 744 etc.
1131 686 1186 748 iiio
1202 686 1331 759 disputa·

160 790 212 849 bat
226 790 276 862 qui
290 788 386 862 fieret,
402 786 435 848 ut
449 788 580 847 Christus
595 786 716 847 diceret:
739 788 807 847 Non
821 786 1016 860 coguoverunt
1037 794 1103 847 euni
1121 790 1171 861 qui
1185 791 1263 850 misit
1276 806 1331 865 me,

160 909 230 951 unm
251 892 347 952 Judaei
374 908 433 951 nou
441 936 446 941 -
455 892 662 966 agnovissent?
701 892 773 954 lnuo¹
784 897 966 965 agnoverunt
984 879 1098 953 licum
1124 894 1200 958 Nam
1213 900 1245 954 et
1257 898 1332 954 teste

159 979 253 1055 Paulo
268 999 375 1056 ethnici
390 996 436 1059 dei
452 998 582 1061 notitiam
597 997 770 1069 hahuerunt.
838 1046 842 1050 ,
906 1013 910 1020 ’
960 1007 965 1018 ’

217 1174 223 1181 ι
249 1102 307 1165 His
318 1102 402 1177 adde,
426 1102 503 1177 quod
517 1101 613 1181 Judaei
635 1101 728 1175 legem
742 1100 906 1160 habuerunt
920 1107 950 1161 et
964 1099 1128 1174 prophetas.
1167 1102 1222 1161 ilic
1234 1107 1333 1161 autem

158 1207 302 1279 triplicem
318 1222 380 1265 csse
395 1208 588 1279 coguitionem
605 1206 653 1265 (lei
675 1206 781 1265 uomit
820 1206 946 1266 rumam
961 1220 1117 1279 agnoscere
1133 1207 1232 1281 deum,
1255 1206 1334 1281 qued

158 1315 274 1393 creator
289 1311 355 1391 coeli
370 1316 400 1369 et
413 1317 500 1370 tarrae
515 1311 562 1382 sit,
578 1311 675 1373 omnia
688 1321 780 1383 agens
793 1308 946 1383 atterens,
968 1316 1000 1369 et
1018 1312 1084 1392 talis
1098 1312 1224 1385 cognitio
1238 1312 1331 1386 genti·

158 1416 343 1489 busquoque
358 1415 569 1487 quodammodo
587 1416 690 1488 inerat,
706 1416 830 1473 maxime
843 1420 941 1496 autem
950 1413 1070 1473 Judoeis.
1094 1415 1179 1486 Quod
1192 1431 1263 1475 vero
1277 1414 1333 1475 deo

158 1521 286 1590 creatpri
307 1535 359 1577 sno
380 1518 497 1593 obedire
517 1518 683 1579 etcredere
703 1520 733 1576 in
753 1516 899 1578 Christum
919 1518 976 1575 illis
999 1535 1018 1577 a
1040 1518 1095 1577 deo
1114 1525 1198 1593 patre
1216 1519 1334 1604 missum

158 1625 304 1683 volueriut
318 1640 352 1683 ac
367 1623 422 1681 hoc
436 1602 568 1681 instituto
582 1623 747 1697 longissime
762 1623 893 1696 aberant,
908 1625 984 1681 sicut
998 1624 1112 1683 Paulus
1122 1626 1178 1683 ait:
1194 1624 1254 1682 Cre
1268 1623 1331 1698 qui·

159 1728 226 1797 dem
242 1726 421 1800 confitentur,
438 1724 490 1785 sed
504 1725 588 1785 factis
604 1734 721 1801 negant.
744 1726 878 1799 Exempli
892 1726 996 1801 gratia
1013 1728 1038 1785 si
1050 1728 1256 1801 paterfamilias
1271 1744 1331 1787 ser-

158 1848 226 1891 rum
242 1831 383 1904 quendam
398 1832 512 1904 haheat,
529 1834 578 1905 qui
591 1832 693 1891 herum
704 1850 787 1891 snum
797 1836 1020 1904 pretereuntem
1037 1838 1208 1913 agnosceret
1221 1832 1332 1891 diceus:

159 1937 221 2005 istc
237 1940 281 1995 est
294 1936 381 1997 harus
396 1952 485 1995 meus.
524 1936 583 1996 Ubi
604 1942 700 1995 autem
719 1935 925 2009 poteriamiiias
945 1935 1272 2023 quippiamniacieudum
1287 1940 1331 1997 iu·

155 2041 306 2115 iungeret,
331 2045 360 2099 et
383 2042 407 2099 is
429 2047 595 2113 contempto
614 2042 685 2099 hero
701 2043 784 2114 iussa
798 2040 899 2100 abnuit
917 2045 947 2097 at
960 2046 1135 2126 praeceptum
1150 2042 1213 2113 eius
1226 2056 1333 2112 susque

159 2144 254 2219 deque
269 2143 389 2221 iecerit,
398 2162 494 2205 uonna
509 2146 575 2203 huic
588 2146 676 2205 herus
691 2146 820 2204 dicimus
830 2148 888 2201 eat:
906 2144 956 2201 Vis
971 2142 1085 2216 quidem
1101 2145 1194 2202 rideri
1208 2143 1333 2203 taurulus

158 2266 248 2323 meus,
265 2255 296 2309 nt
311 2266 346 2308 ea
360 2266 425 2323 quae
435 2250 527 2323 jubeo
542 2248 637 2309 iacere
651 2251 767 2321 renuis,
783 2247 914 2321 profecto
929 2264 982 2307 nec
996 2264 1042 2305 me
1057 2247 1157 2306 herum
1171 2254 1254 2307 tuum
1267 2266 1332 2308 esse

161 2354 304 2427 agnoscis.
329 2355 409 2413 Talis
425 2355 539 2428 quidem
555 2370 601 2413 res
616 2356 709 2427 prima
719 2353 768 2412 dci
791 2354 902 2427 agnitio
914 2357 968 2411 est
991 2351 1093 2412 Altera
1108 2354 1242 2427 estquod
1260 2354 1332 2414 deus

161 2436 277 2531 quidem
292 2440 456 2540 agnoscitur
472 2474 535 2517 esse
550 2459 737 2532 oruuipotens,
753 2457 855 2530 bouus,
876 2458 1038 2542 misericors
1053 2463 1084 2517 et
1095 2459 1235 2530 iustusct
1249 2458 1332 2519 Chri·

160 2569 237 2623 stum
258 2564 373 2638 quidem
391 2565 509 2624 missum
531 2581 549 2623 a
571 2564 643 2638 dcc,
672 2580 772 2622 uerum
794 2564 872 2637 qnod
894 2544 979 2622 verus
998 2559 1069 2622 daus
1091 2564 1227 2637 ethome
1249 2563 1332 2625 uobis

159 2671 272 2728 venerit
294 2670 324 2726 iu
338 2669 476 2731 muudum
493 2674 522 2727 et
533 2669 614 2746 ¹quod
630 2668 712 2728 nobis
726 2669 820 2741 nasci,
845 2669 1052 2741 viverapati,
1072 2670 1145 2726 mori
1163 2669 1288 2742 denique
1302 2675 1332 2728 et

159 2789 314 2846 resurgere
328 2774 536 2846 uolueritque
551 2788 604 2832 nos
618 2788 672 2845 per
685 2777 807 2831 mortem
827 2774 889 2846 eius
908 2773 997 2832 solius
1012 2773 1100 2832 vitam
1113 2759 1250 2830 aeternam
1265 2786 1331 2832 cou-

160 2887 418 2952 seqpamm',-non'
430 2878 549 2937 credere
569 2881 599 2936 et
622 2878 694 2936 alios
717 2877 906 2951 opitulatores
932 2883 962 2937 et
982 2878 1059 2938 hona
1080 2894 1169 2949 opera
1190 2893 1330 2950 quaerere.

159 2982 299 3052 Nochaee
314 2999 429 3055 quoque
443 2987 523 3042 recta
539 2983 584 3041 dei
600 2983 708 3056 agnitio
724 2977 777 3042 est
819 2982 867 3040 Sic
881 2983 958 3041 euim
971 2970 1075 3056 ludaei,
1091 2983 1286 3042 Mahometani
1301 2990 1333 3042 ct

159 3089 341 3159 specietenus
365 3086 519 3146 Christiani
543 3092 703 3164 quaerentes
721 3087 807 3146 deum
829 3094 861 3146 et
879 3091 1082 3160 agnoscentes,
1103 3088 1330 3147 concredentes

159 3192 191 3250 iu
207 3191 350 3250 Cluistum
365 3192 496 3274 missum,
520 3198 550 3250 et
570 3177 627 3249 illis
642 3193 734 3270 ipsum
756 3193 787 3249 in
801 3193 971 3249 salvatorem
987 3206 1022 3249 ac
1035 3191 1253 3263 propitiatorem
1268 3193 1331 3249 uni·

160 3312 225 3382 cum
241 3295 339 3376 dntmu
354 3293 464 3354 frustra
477 3297 650 3372 gloriantur,
681 3313 713 3354 se
728 3294 814 3354 deum
828 3301 858 3354 et
871 3311 956 3353 uosse
972 3300 1001 3353 et
1014 3309 1120 3355 amare.
1158 3293 1198 3351 Et
1212 3296 1330 3365 quicun-

160 3415 217 3472 que
233 3398 377 3458 Christum
385 3405 409 3459 'a
423 3405 522 3474 patre,
545 3403 619 3460 siout
633 3401 740 3463 dictum
755 3404 812 3472 est,
828 3400 960 3482 miserm,
977 3415 1034 3457 non
1049 3404 1217 3470 agnoscunt,
1233 3398 1330 3457 hinec

161 3505 247 3564 deum
261 3509 372 3577 patrem
387 3507 473 3564 etiam
488 3507 550 3578 ipsc
568 3505 682 3564 Christo
697 3510 771 3563 teste
785 3507 952 3578 agnoscunt.
991 3503 1092 3562 Tertia
1106 3508 1202 3562 autem
1217 3510 1246 3562 et
1260 3513 1329 3568 vera

160 3608 208 3668 dei
221 3610 348 3686 'cognitio
364 3609 425 3666 haec
440 3615 492 3682 est,
517 3611 589 3668 scire
612 3610 697 3670 deum
717 3615 829 3682 patrem
849 3625 885 3666 ex
899 3609 1038 3666 inmensa
1059 3625 1112 3666 sua
1125 3609 1267 3682 charitate
1281 3608 1330 3667 Je-

160 3729 224 3772 sum
247 3712 390 3772 Christum
414 3711 503 3774 filium
529 3709 611 3772 suum
638 3715 753 3774 unicum
779 3714 809 3771 in
831 3713 907 3771 hunc
928 3712 1064 3772 muudum
1084 3703 1208 3786 misisse,
1232 3718 1264 3771 ut
1278 3729 1330 3786 per

160 3819 255 3891 ipsum
270 3819 344 3888 otiu
358 3831 409 3877 suo
425 3825 606 3888 sacrosancto
622 3820 763 3894 sanguiue
776 3818 934 3882 liberemur
945 3834 964 3874 a
977 3822 1084 3890 morte,
1104 3817 1219 3876 diaholo
1240 3821 1271 3874 et
1283 3817 1328 3874 in-

160 3919 260 3993 ferno,
281 3937 315 3980 ac
330 3928 363 3982 ut
377 3924 484 3996 omnis,
511 3924 560 3995 qui
581 3923 673 3982 credit
691 3924 721 3980 in
744 3939 828 3995 eum,
845 3937 903 3980 uon
918 3927 1033 3993 pereat,
1057 3921 1110 3980 sed
1123 3921 1229 3980 haheat
1242 3922 1330 3980 vitam

160 4031 307 4086 aternam.
360 4026 403 4086 Ae
423 4027 544 4086 'eundem
564 4033 675 4100 patrem
694 4027 802 4086 'elisisse
824 4026 1067 4100 praecephseoue,
1092 4017 1125 4084 u't
1146 4026 1222 4083 huuc
1236 4027 1329 4098 ipsum

161 4128 305 4209 Christum
320 4130 492 4219 audiemus.
520 4132 560 4190 Et
574 4121 695 4209 honest,
712 4131 789 4204 quod
803 4131 934 4191 Christus
948 4130 1001 4188 ait:
1030 4130 1103 4202 Quia
1117 4145 1175 4196 non
1189 4140 1330 4204 coguove-

159 4241 229 4294 runt
250 4237 403 4309 eum,·qui
422 4237 500 4295 misit
520 4253 573 4295 me.
611 4237 683 4294 Haec
708 4241 805 4298 autam
828 4236 954 4308 cognitio
978 4250 1014 4295 er
1038 4235 1191 4308 largitione
1212 4236 1329 4312 spiritus

159 4342 251 4400 murti
266 4346 326 4400 ete
343 4342 473 4413 supernis
488 4343 575 4402 venit.
613 4341 693 4400 Sicut
708 4339 838 4399 Christus
857 4339 896 4397 ad
915 4346 1026 4413 patrem
1039 4341 1133 4413 ipsurp
1148 4337 1329 4398 confitentem

160 4443 250 4504 filium
266 4445 382 4504 deiait:
405 4446 513 4504 Beatus
536 4463 566 4504 es
583 4446 680 4505 Simon
694 4445 753 4504 Bar
767 4445 851 4519 Joun,
872 4446 940 4516 qnia
954 4461 1022 4504 caro
1033 4449 1068 4522 *et
1081 4444 1198 4517 sanguis
1211 4461 1270 4503 uon
1285 4460 1329 4504 rc-
